

Run Date,Action,Symbol,Description,Type,Quantity,Price ($),Commission ($),Fees ($),Accrued Interest ($),Amount ($),Cash Balance ($),Settlement Date
11/14/2025,"YOU BOUGHT PAYPAL HLDGS INC COM (PYPL) (Margin)",PYPL,"PAYPAL HLDGS INC COM",Margin,63.62,2,,,,-127.24,89.72,11/17/2025
11/14/2025,"YOU BOUGHT PAYPAL HLDGS INC COM (PYPL) (Margin)",PYPL,"PAYPAL HLDGS INC COM",Margin,63.31,1,,,,-63.31,216.96,11/17/2025
11/14/2025,"YOU SOLD NICE LTD ADR-EACH CNV INTO 1 ORD ILS1 (NICE) (Margin)",NICE,"NICE LTD ADR-EACH CNV INTO 1 ORD ILS1",Margin,131.43,-2,,,,262.85,280.27,11/17/2025
11/14/2025,"YOU BOUGHT DUOLINGO INC CL A COM (DUOL) (Margin)",DUOL,"DUOLINGO INC CL A COM",Margin,185.82,0.5,,,,-92.91,17.42,11/17/2025
11/14/2025,"YOU BOUGHT AMAZON.COM INC (AMZN) (Margin)",AMZN,"AMAZON.COM INC",Margin,235.15,0.5,,,,-117.58,110.33,11/17/2025
11/13/2025,"YOU BOUGHT MERCADOLIBRE INC COM USD0.001 (MELI) (Margin)",MELI,"MERCADOLIBRE INC COM USD0.001",Margin,2033.1,0.05,,,,-101.65,227.91,11/14/2025
11/13/2025,"YOU BOUGHT DUOLINGO INC CL A COM (DUOL) (Margin)",DUOL,"DUOLINGO INC CL A COM",Margin,185.38,1,,,,-185.38,329.56,11/14/2025
11/12/2025,"YOU BOUGHT DUOLINGO INC CL A COM (DUOL) (Margin)",DUOL,"DUOLINGO INC CL A COM",Margin,189.54,0.5,,,,-94.77,514.94,11/13/2025
11/10/2025,"YOU BOUGHT MERCADOLIBRE INC COM USD0.001 (MELI) (Margin)",MELI,"MERCADOLIBRE INC COM USD0.001",Margin,2072.63,0.15,,,,-310.89,609.71,11/12/2025
11/10/2025,"YOU BOUGHT DUOLINGO INC CL A COM (DUOL) (Margin)",DUOL,"DUOLINGO INC CL A COM",Margin,192.81,0.5,,,,-96.4,920.60,11/12/2025
11/06/2025,"FOREIGN TAX PAID ASML HOLDING NV EUR0.09 NY REGISTRY ... (ASML) (Margin)",ASML,"ASML HOLDING NV EUR0.09 NY REGISTRY SHS",Margin,,0.000,,,,-0.49,1017.00,
11/06/2025,"DIVIDEND RECEIVED ASML HOLDING NV EUR0.09 NY REGISTRY ... (ASML) (Margin)",ASML,"ASML HOLDING NV EUR0.09 NY REGISTRY SHS",Margin,,0.000,,,,3.26,1017.49,
11/06/2025,"YOU BOUGHT MERCADOLIBRE INC COM USD0.001 (MELI) (Margin)",MELI,"MERCADOLIBRE INC COM USD0.001",Margin,2155.95,0.05,,,,-107.8,1014.23,11/07/2025
11/06/2025,"YOU BOUGHT DUOLINGO INC CL A COM (DUOL) (Margin)",DUOL,"DUOLINGO INC CL A COM",Margin,182.9,1,,,,-182.9,1122.03,11/07/2025
11/06/2025,"TRANSFERRED FROM VS Z24-468360-1 (Cash)", ,"No Description",Cash,,0.000,,,,100,1304.93,
11/06/2025,"Electronic Funds Transfer Received (Cash)", ,"No Description",Cash,,0.000,,,,500,1204.93,
11/05/2025,"YOU BOUGHT DUOLINGO INC CL A COM (DUOL) (Margin)",DUOL,"DUOLINGO INC CL A COM",Margin,206,1,,,,-206,704.93,11/06/2025
11/05/2025,"YOU BOUGHT DUOLINGO INC CL A COM (DUOL) (Margin)",DUOL,"DUOLINGO INC CL A COM",Margin,216.01,1,,,,-216.01,910.93,11/06/2025
11/05/2025,"Electronic Funds Transfer Received (Cash)", ,"No Description",Cash,,0.000,,,,400,1126.94,
11/04/2025,"YOU BOUGHT PAYPAL HLDGS INC COM (PYPL) (Margin)",PYPL,"PAYPAL HLDGS INC COM",Margin,66.2,1,,,,-66.2,726.94,11/05/2025
10/31/2025,"REINVESTMENT FIDELITY GOVERNMENT MONEY MARKET (SPAXX) (Cash)",SPAXX,"FIDELITY GOVERNMENT MONEY MARKET",Cash,1,6.53,,,,-6.53,793.14,
10/31/2025,"DIVIDEND RECEIVED FIDELITY GOVERNMENT MONEY MARKET (SPAXX) (Cash)",SPAXX,"FIDELITY GOVERNMENT MONEY MARKET",Cash,,0.000,,,,6.53,793.14,
10/31/2025,"YOU BOUGHT MERCADOLIBRE INC COM USD0.001 (MELI) (Margin)",MELI,"MERCADOLIBRE INC COM USD0.001",Margin,2322.13,0.05,,,,-116.11,786.61,11/03/2025
10/30/2025,"YOU BOUGHT PAYPAL HLDGS INC COM (PYPL) (Margin)",PYPL,"PAYPAL HLDGS INC COM",Margin,68.55,1,,,,-68.55,902.72,10/31/2025
10/30/2025,"YOU BOUGHT PAYPAL HLDGS INC COM (PYPL) (Margin)",PYPL,"PAYPAL HLDGS INC COM",Margin,68.55,0.973,,,,-66.7,971.27,10/31/2025
10/30/2025,"YOU BOUGHT MERCADOLIBRE INC COM USD0.001 (MELI) (Margin)",MELI,"MERCADOLIBRE INC COM USD0.001",Margin,2415.82,0.1,,,,-241.58,1037.97,10/31/2025
10/30/2025,"YOU BOUGHT DUOLINGO INC CL A COM (DUOL) (Margin)",DUOL,"DUOLINGO INC CL A COM",Margin,267.92,1,,,,-267.92,1279.55,10/31/2025
10/30/2025,"Electronic Funds Transfer Received (Cash)", ,"No Description",Cash,,0.000,,,,500,1547.47,
10/29/2025,"YOU BOUGHT PAYPAL HLDGS INC COM (PYPL) (Margin)",PYPL,"PAYPAL HLDGS INC COM",Margin,71.52,3,,,,-214.56,1047.47,10/30/2025
10/29/2025,"YOU BOUGHT DUOLINGO INC CL A COM (DUOL) (Margin)",DUOL,"DUOLINGO INC CL A COM",Margin,277.37,1,,,,-277.37,1262.03,10/30/2025
10/27/2025,"YOU BOUGHT DUOLINGO INC CL A COM (DUOL) (Margin)",DUOL,"DUOLINGO INC CL A COM",Margin,308.01,1,,,,-308.01,1539.40,10/28/2025
10/20/2025,"YOU SOLD TESLA INC COM (TSLA) (Margin)",TSLA,"TESLA INC COM",Margin,443.76,-0.25,,,,110.94,1847.41,10/21/2025
10/20/2025,"YOU BOUGHT MERCADOLIBRE INC COM USD0.001 (MELI) (Margin)",MELI,"MERCADOLIBRE INC COM USD0.001",Margin,2066.09,0.1,,,,-206.61,1736.47,10/21/2025
10/20/2025,"YOU BOUGHT DUOLINGO INC CL A COM (DUOL) (Margin)",DUOL,"DUOLINGO INC CL A COM",Margin,309.17,1,,,,-309.17,1943.08,10/21/2025
10/20/2025,"YOU BOUGHT DUOLINGO INC CL A COM (DUOL) (Margin)",DUOL,"DUOLINGO INC CL A COM",Margin,309.17,0.5,,,,-154.58,2252.25,10/21/2025
10/17/2025,"YOU BOUGHT AMAZON.COM INC (AMZN) (Margin)",AMZN,"AMAZON.COM INC",Margin,212.92,1,,,,-212.92,2406.83,10/20/2025
10/15/2025,"YOU SOLD NOVO NORDISK A/S ADR-EACH CNV INTO 1... (NVO) (Margin)",NVO,"NOVO NORDISK A/S ADR-EACH CNV INTO 1 CL",Margin,56.53,-6,,,,339.15,2619.75,10/16/2025
10/15/2025,"YOU BOUGHT AMAZON.COM INC (AMZN) (Margin)",AMZN,"AMAZON.COM INC",Margin,213.14,1,,,,-213.14,2280.60,10/16/2025
10/15/2025,"YOU BOUGHT AMAZON.COM INC (AMZN) (Margin)",AMZN,"AMAZON.COM INC",Margin,213.53,1,,,,-213.53,2493.74,10/16/2025
10/15/2025,"Electronic Funds Transfer Received (Cash)", ,"No Description",Cash,,0.000,,,,800,2707.27,
10/14/2025,"YOU BOUGHT NICE LTD ADR-EACH CNV INTO 1 ORD ILS1 (NICE) (Margin)",NICE,"NICE LTD ADR-EACH CNV INTO 1 ORD ILS1",Margin,131.11,3,,,,-393.32,1907.27,10/15/2025
10/13/2025,"YOU SOLD TESLA INC COM (TSLA) (Margin)",TSLA,"TESLA INC COM",Margin,429.13,-0.25,,,,107.28,2300.59,10/14/2025
10/13/2025,"YOU SOLD TESLA INC COM (TSLA) (Margin)",TSLA,"TESLA INC COM",Margin,421.53,-0.5,,,,210.76,2193.31,10/14/2025
10/13/2025,"YOU SOLD TESLA INC COM (TSLA) (Margin)",TSLA,"TESLA INC COM",Margin,429.19,-1,,,,429.19,1982.55,10/14/2025
10/13/2025,"YOU BOUGHT DUOLINGO INC CL A COM (DUOL) (Margin)",DUOL,"DUOLINGO INC CL A COM",Margin,327.65,0.5,,,,-163.83,1553.36,10/14/2025
10/10/2025,"YOU BOUGHT NIKE INC CLASS B COM NPV (NKE) (Margin)",NKE,"NIKE INC CLASS B COM NPV",Margin,66.21,2,,,,-132.42,1717.19,10/14/2025
10/10/2025,"YOU BOUGHT AMAZON.COM INC (AMZN) (Margin)",AMZN,"AMAZON.COM INC",Margin,216.59,2,,,,-433.18,1849.61,10/14/2025
10/09/2025,"DIVIDEND RECEIVED SALESFORCE INC COM (CRM) (Margin)",CRM,"SALESFORCE INC COM",Margin,,0.000,,,,1.21,2282.79,
10/06/2025,"YOU SOLD TESLA INC COM (TSLA) (Margin)",TSLA,"TESLA INC COM",Margin,454.01,-1,,,,454.01,2281.58,10/07/2025
10/06/2025,"YOU BOUGHT SALESFORCE INC COM (CRM) (Margin)",CRM,"SALESFORCE INC COM",Margin,245.94,2,,,,-491.88,1827.57,10/07/2025
10/02/2025,"YOU SOLD TESLA INC COM (TSLA) (Margin)",TSLA,"TESLA INC COM",Margin,445,-1,,,,445,2319.45,10/03/2025
10/02/2025,"YOU SOLD TESLA INC COM (TSLA) (Margin)",TSLA,"TESLA INC COM",Margin,451.74,-1,,,,451.74,1874.45,10/03/2025
10/02/2025,"YOU BOUGHT AMAZON.COM INC (AMZN) (Margin)",AMZN,"AMAZON.COM INC",Margin,220.55,0.45,,,,-99.25,1422.71,10/03/2025
10/02/2025,"YOU BOUGHT ALPHABET INC CAP STK CL A (GOOGL) (Margin)",GOOGL,"ALPHABET INC CAP STK CL A",Margin,243.48,0.4,,,,-97.39,1521.96,10/03/2025
10/01/2025,"DIVIDEND RECEIVED NIKE INC CLASS B COM NPV (NKE) (Margin)",NKE,"NIKE INC CLASS B COM NPV",Margin,,0.000,,,,5.16,1619.35,
10/01/2025,"Electronic Funds Transfer Received (Cash)", ,"No Description",Cash,,0.000,,,,500,1614.19,
09/30/2025,"DIVIDEND RECEIVED TEXAS ROADHOUSE INC (TXRH) (Margin)",TXRH,"TEXAS ROADHOUSE INC",Margin,,0.000,,,,14.96,1114.19,
09/30/2025,"REINVESTMENT FIDELITY GOVERNMENT MONEY MARKET (SPAXX) (Cash)",SPAXX,"FIDELITY GOVERNMENT MONEY MARKET",Cash,1,1.98,,,,-1.98,1099.23,
09/30/2025,"DIVIDEND RECEIVED FIDELITY GOVERNMENT MONEY MARKET (SPAXX) (Cash)",SPAXX,"FIDELITY GOVERNMENT MONEY MARKET",Cash,,0.000,,,,1.98,1099.23,
09/30/2025,"YOU BOUGHT SALESFORCE INC COM (CRM) (Margin)",CRM,"SALESFORCE INC COM",Margin,237.36,0.5,,,,-118.68,1097.25,10/01/2025
09/29/2025,"DIVIDEND RECEIVED META PLATFORMS INC CLASS A COMMON STOCK (META) (Margin)",META,"META PLATFORMS INC CLASS A COMMON STOCK",Margin,,0.000,,,,13.65,1215.93,
09/24/2025,"YOU SOLD TESLA INC COM (TSLA) (Margin)",TSLA,"TESLA INC COM",Margin,442.14,-1,,,,442.14,1202.28,09/25/2025
09/24/2025,"YOU SOLD TESLA INC COM (TSLA) (Margin)",TSLA,"TESLA INC COM",Margin,442.26,-1,,,,442.26,760.14,09/25/2025
09/24/2025,"YOU BOUGHT AMAZON.COM INC (AMZN) (Margin)",AMZN,"AMAZON.COM INC",Margin,220.53,2,,,,-441.06,317.88,09/25/2025
09/24/2025,"YOU BOUGHT AMAZON.COM INC (AMZN) (Margin)",AMZN,"AMAZON.COM INC",Margin,220.5,1,,,,-220.5,758.94,09/25/2025
09/23/2025,"YOU BOUGHT AMAZON.COM INC (AMZN) (Margin)",AMZN,"AMAZON.COM INC",Margin,221.18,1,,,,-221.18,979.44,09/24/2025
09/22/2025,"Electronic Funds Transfer Received (Cash)", ,"No Description",Cash,,0.000,,,,200,1200.62,
09/19/2025,"YOU BOUGHT ADOBE INC COM (ADBE) (Margin)",ADBE,"ADOBE INC COM",Margin,365.39,0.25,,,,-91.35,1000.62,09/22/2025
09/16/2025,"YOU SOLD TESLA INC COM (TSLA) (Margin)",TSLA,"TESLA INC COM",Margin,420.03,-3,,,,1260.09,1091.97,09/17/2025
09/16/2025,"YOU BOUGHT SALESFORCE INC COM (CRM) (Margin)",CRM,"SALESFORCE INC COM",Margin,239.34,0.615,,,,-147.19,-168.12,09/17/2025
09/16/2025,"YOU BOUGHT NOVO NORDISK A/S ADR-EACH CNV INTO 1... (NVO) (Margin)",NVO,"NOVO NORDISK A/S ADR-EACH CNV INTO 1 CL",Margin,57.13,6,,,,-342.78,-20.93,09/17/2025
09/16/2025,"YOU BOUGHT ADVANCED MICRO DEVICES INC (AMD) (Margin)",AMD,"ADVANCED MICRO DEVICES INC",Margin,159.96,1,,,,-159.96,321.85,09/17/2025
09/16/2025,"YOU BOUGHT ADOBE INC COM (ADBE) (Margin)",ADBE,"ADOBE INC COM",Margin,350.92,0.5,,,,-175.46,481.81,09/17/2025
09/16/2025,"YOU BOUGHT ASML HOLDING NV EUR0.09 NY REGISTRY ... (ASML) (Margin)",ASML,"ASML HOLDING NV EUR0.09 NY REGISTRY SHS",Margin,871.55,0.115,,,,-100.23,657.27,09/17/2025
09/16/2025,"TRANSFERRED FROM VS Z27-316070-1 (Cash)", ,"No Description",Cash,,0.000,,,,6.39,757.50,
09/16/2025,"Electronic Funds Transfer Received (Cash)", ,"No Description",Cash,,0.000,,,,400,751.11,
09/15/2025,"DIVIDEND RECEIVED ALPHABET INC CAP STK CL A (GOOGL) (Margin)",GOOGL,"ALPHABET INC CAP STK CL A",Margin,,0.000,,,,8.23,351.11,
09/11/2025,"YOU SOLD TESLA INC COM (TSLA) (Margin)",TSLA,"TESLA INC COM",Margin,367.01,-1,,,,367.01,342.88,09/12/2025
09/11/2025,"YOU BOUGHT SALESFORCE INC COM (CRM) (Margin)",CRM,"SALESFORCE INC COM",Margin,246.51,0.16,,,,-39.44,-24.13,09/12/2025
09/11/2025,"YOU BOUGHT ASML HOLDING NV EUR0.09 NY REGISTRY ... (ASML) (Margin)",ASML,"ASML HOLDING NV EUR0.09 NY REGISTRY SHS",Margin,807.19,0.4,,,,-322.88,15.31,09/12/2025
09/10/2025,"TRANSFERRED FROM VS Z27-316070-1 (Cash)", ,"No Description",Cash,,0.000,,,,237.51,338.19,
09/09/2025,"YOU BOUGHT ASML HOLDING NV EUR0.09 NY REGISTRY ... (ASML) (Margin)",ASML,"ASML HOLDING NV EUR0.09 NY REGISTRY SHS",Margin,796.63,0.502,,,,-399.91,100.68,09/10/2025
09/09/2025,"Electronic Funds Transfer Received (Cash)", ,"No Description",Cash,,0.000,,,,500,500.59,
09/02/2025,"YOU BOUGHT AMAZON.COM INC (AMZN) (Margin)",AMZN,"AMAZON.COM INC",Margin,222.32,0.449,,,,-99.82,0.59,09/03/2025
09/02/2025,"YOU BOUGHT ASML HOLDING NV EUR0.09 NY REGISTRY ... (ASML) (Margin)",ASML,"ASML HOLDING NV EUR0.09 NY REGISTRY SHS",Margin,719.68,0.233,,,,-167.68,100.41,09/03/2025
08/29/2025,"REINVESTMENT FIDELITY GOVERNMENT MONEY MARKET (SPAXX) (Cash)",SPAXX,"FIDELITY GOVERNMENT MONEY MARKET",Cash,1,1.11,,,,-1.11,268.09,
08/29/2025,"DIVIDEND RECEIVED FIDELITY GOVERNMENT MONEY MARKET (SPAXX) (Cash)",SPAXX,"FIDELITY GOVERNMENT MONEY MARKET",Cash,,0.000,,,,1.11,268.09,
08/26/2025,"YOU SOLD COURSERA INC COM (COUR) (Margin)",COUR,"COURSERA INC COM",Margin,11.26,-25,,,,281.41,266.98,08/27/2025
08/26/2025,"YOU BOUGHT ALPHABET INC CAP STK CL A (GOOGL) (Margin)",GOOGL,"ALPHABET INC CAP STK CL A",Margin,206.75,1,,,,-206.75,-14.43,08/27/2025
08/26/2025,"YOU BOUGHT ASML HOLDING NV EUR0.09 NY REGISTRY ... (ASML) (Margin)",ASML,"ASML HOLDING NV EUR0.09 NY REGISTRY SHS",Margin,758.53,0.5,,,,-379.27,192.32,08/27/2025
08/25/2025,"Electronic Funds Transfer Received (Cash)", ,"No Description",Cash,,0.000,,,,500,571.59,
08/22/2025,"YOU SOLD DUOLINGO INC CL A COM (DUOL) (Margin)",DUOL,"DUOLINGO INC CL A COM",Margin,352.42,-0.25,,,,88.1,71.59,08/25/2025
08/22/2025,"YOU BOUGHT COURSERA INC COM (COUR) (Margin)",COUR,"COURSERA INC COM",Margin,11.45,25,,,,-286.25,-16.51,08/25/2025
08/15/2025,"YOU BOUGHT DUOLINGO INC CL A COM (DUOL) (Margin)",DUOL,"DUOLINGO INC CL A COM",Margin,329.11,0.25,,,,-82.28,269.74,08/18/2025
08/12/2025,"YOU BOUGHT NIKE INC CLASS B COM NPV (NKE) (Margin)",NKE,"NIKE INC CLASS B COM NPV",Margin,74.82,1,,,,-74.82,352.02,08/13/2025
08/12/2025,"YOU BOUGHT ADOBE INC COM (ADBE) (Margin)",ADBE,"ADOBE INC COM",Margin,337.63,0.25,,,,-84.41,426.84,08/13/2025
08/12/2025,"Electronic Funds Transfer Paid (Cash)",,"No Description",Cash,,0.000,,,,-180,511.25,
08/11/2025,"Electronic Funds Transfer Received (Cash)", ,"No Description",Cash,,0.000,,,,500,691.25,
08/05/2025,"YOU BOUGHT ADVANCED MICRO DEVICES INC (AMD) (Margin)",AMD,"ADVANCED MICRO DEVICES INC",Margin,175.58,0.5,,,,-87.79,191.25,08/06/2025
08/01/2025,"YOU BOUGHT AMAZON.COM INC (AMZN) (Margin)",AMZN,"AMAZON.COM INC",Margin,215.06,0.5,,,,-107.53,279.04,08/04/2025
07/31/2025,"REINVESTMENT FIDELITY GOVERNMENT MONEY MARKET (SPAXX) (Cash)",SPAXX,"FIDELITY GOVERNMENT MONEY MARKET",Cash,1,0.92,,,,-0.92,386.57,
07/31/2025,"DIVIDEND RECEIVED FIDELITY GOVERNMENT MONEY MARKET (SPAXX) (Cash)",SPAXX,"FIDELITY GOVERNMENT MONEY MARKET",Cash,,0.000,,,,0.92,386.57,
07/29/2025,"YOU BOUGHT AMAZON.COM INC (AMZN) (Margin)",AMZN,"AMAZON.COM INC",Margin,230.88,0.5,,,,-115.44,385.65,07/30/2025
07/28/2025,"Electronic Funds Transfer Received (Cash)", ,"No Description",Cash,,0.000,,,,500,501.09,
07/25/2025,"YOU SOLD TESLA INC COM (TSLA) (Margin)",TSLA,"TESLA INC COM",Margin,323.31,-2,,,,646.61,1.09,07/28/2025
07/25/2025,"YOU BOUGHT ALPHABET INC CAP STK CL A (GOOGL) (Margin)",GOOGL,"ALPHABET INC CAP STK CL A",Margin,193.42,2,,,,-386.84,-645.52,07/28/2025
07/25/2025,"YOU BOUGHT ADVANCED MICRO DEVICES INC (AMD) (Margin)",AMD,"ADVANCED MICRO DEVICES INC",Margin,166.19,1,,,,-166.19,-258.68,07/28/2025
07/25/2025,"YOU BOUGHT ADOBE INC COM (ADBE) (Margin)",ADBE,"ADOBE INC COM",Margin,371.53,0.25,,,,-92.88,-92.49,07/28/2025
07/18/2025,"YOU BOUGHT AMAZON.COM INC (AMZN) (Margin)",AMZN,"AMAZON.COM INC",Margin,225.63,0.15,,,,-33.84,0.39,07/21/2025
07/18/2025,"YOU BOUGHT ALPHABET INC CAP STK CL A (GOOGL) (Margin)",GOOGL,"ALPHABET INC CAP STK CL A",Margin,185.09,1,,,,-185.09,34.23,07/21/2025
07/18/2025,"YOU BOUGHT ALPHABET INC CAP STK CL A (GOOGL) (Margin)",GOOGL,"ALPHABET INC CAP STK CL A",Margin,185.09,0.5,,,,-92.55,219.32,07/21/2025
07/17/2025,"YOU SOLD SALESFORCE INC COM (CRM) (Margin)",CRM,"SALESFORCE INC COM",Margin,258.63,-0.125,,,,32.33,311.87,07/18/2025
07/17/2025,"YOU SOLD SALESFORCE INC COM (CRM) (Margin)",CRM,"SALESFORCE INC COM",Margin,258.65,-2,,,,517.3,279.54,07/18/2025
07/17/2025,"YOU BOUGHT AMAZON.COM INC (AMZN) (Margin)",AMZN,"AMAZON.COM INC",Margin,223.79,0.5,,,,-111.9,-237.76,07/18/2025
07/17/2025,"YOU BOUGHT ALPHABET INC CAP STK CL A (GOOGL) (Margin)",GOOGL,"ALPHABET INC CAP STK CL A",Margin,183.44,0.5,,,,-91.72,-125.86,07/18/2025
07/17/2025,"YOU BOUGHT ADVANCED MICRO DEVICES INC (AMD) (Margin)",AMD,"ADVANCED MICRO DEVICES INC",Margin,158.95,0.5,,,,-79.47,-34.14,07/18/2025
07/17/2025,"YOU BOUGHT ADOBE INC COM (ADBE) (Margin)",ADBE,"ADOBE INC COM",Margin,365.55,1,,,,-365.55,45.33,07/18/2025
07/17/2025,"YOU BOUGHT ADOBE INC COM (ADBE) (Margin)",ADBE,"ADOBE INC COM",Margin,365.64,0.5,,,,-182.82,410.88,07/18/2025
07/14/2025,"Electronic Funds Transfer Received (Cash)", ,"No Description",Cash,,0.000,,,,500,593.70,
07/10/2025,"DIVIDEND RECEIVED SALESFORCE INC COM (CRM) (Margin)",CRM,"SALESFORCE INC COM",Margin,,0.000,,,,1.77,93.70,
07/10/2025,"YOU BOUGHT AMAZON.COM INC (AMZN) (Margin)",AMZN,"AMAZON.COM INC",Margin,221.1,0.2,,,,-44.22,91.93,07/11/2025
07/10/2025,"YOU BOUGHT ALPHABET INC CAP STK CL A (GOOGL) (Margin)",GOOGL,"ALPHABET INC CAP STK CL A",Margin,175.47,0.2,,,,-35.09,136.15,07/11/2025
07/03/2025,"YOU BOUGHT ADVANCED MICRO DEVICES INC (AMD) (Margin)",AMD,"ADVANCED MICRO DEVICES INC",Margin,138.47,1,,,,-138.47,171.24,07/07/2025
07/02/2025,"YOU BOUGHT ALPHABET INC CAP STK CL A (GOOGL) (Margin)",GOOGL,"ALPHABET INC CAP STK CL A",Margin,178.67,1,,,,-178.67,309.71,07/03/2025
07/02/2025,"YOU BOUGHT ALPHABET INC CAP STK CL A (GOOGL) (Margin)",GOOGL,"ALPHABET INC CAP STK CL A",Margin,178.66,0.05,,,,-8.93,488.38,07/03/2025
07/02/2025,"YOU BOUGHT ADOBE INC COM (ADBE) (Margin)",ADBE,"ADOBE INC COM",Margin,373.23,0.25,,,,-93.31,497.31,07/03/2025
07/01/2025,"DIVIDEND RECEIVED TEXAS ROADHOUSE INC (TXRH) (Margin)",TXRH,"TEXAS ROADHOUSE INC",Margin,,0.000,,,,14.96,590.62,
07/01/2025,"DIVIDEND RECEIVED NIKE INC CLASS B COM NPV (NKE) (Margin)",NKE,"NIKE INC CLASS B COM NPV",Margin,,0.000,,,,4.76,575.66,
06/30/2025,"REINVESTMENT FIDELITY GOVERNMENT MONEY MARKET (SPAXX) (Cash)",SPAXX,"FIDELITY GOVERNMENT MONEY MARKET",Cash,1,0.92,,,,-0.92,570.90,
06/30/2025,"DIVIDEND RECEIVED FIDELITY GOVERNMENT MONEY MARKET (SPAXX) (Cash)",SPAXX,"FIDELITY GOVERNMENT MONEY MARKET",Cash,,0.000,,,,0.92,570.90,
06/30/2025,"Electronic Funds Transfer Received (Cash)", ,"No Description",Cash,,0.000,,,,500,569.98,
06/26/2025,"DIVIDEND RECEIVED META PLATFORMS INC CLASS A COMMON STOCK (META) (Margin)",META,"META PLATFORMS INC CLASS A COMMON STOCK",Margin,,0.000,,,,13.65,69.98,
06/17/2025,"Electronic Funds Transfer Paid (Cash)",,"No Description",Cash,,0.000,,,,-500,56.33,
06/16/2025,"DIVIDEND RECEIVED ALPHABET INC CAP STK CL A (GOOGL) (Margin)",GOOGL,"ALPHABET INC CAP STK CL A",Margin,,0.000,,,,6.92,556.33,
06/16/2025,"Electronic Funds Transfer Received (Cash)", ,"No Description",Cash,,0.000,,,,500,549.41,
06/13/2025,"YOU BOUGHT ADVANCED MICRO DEVICES INC (AMD) (Margin)",AMD,"ADVANCED MICRO DEVICES INC",Margin,115.75,2,,,,-231.51,49.41,06/16/2025
06/12/2025,"YOU BOUGHT ADVANCED MICRO DEVICES INC (AMD) (Margin)",AMD,"ADVANCED MICRO DEVICES INC",Margin,121.25,1,,,,-121.25,280.92,06/13/2025
06/11/2025,"YOU BOUGHT ADVANCED MICRO DEVICES INC (AMD) (Margin)",AMD,"ADVANCED MICRO DEVICES INC",Margin,121.32,1,,,,-121.32,402.17,06/12/2025
06/10/2025,"YOU BOUGHT SALESFORCE INC COM (CRM) (Margin)",CRM,"SALESFORCE INC COM",Margin,269.86,0.25,,,,-67.47,523.49,06/11/2025
06/10/2025,"YOU BOUGHT AMAZON.COM INC (AMZN) (Margin)",AMZN,"AMAZON.COM INC",Margin,215.96,0.5,,,,-107.98,590.96,06/11/2025
06/06/2025,"YOU SOLD TESLA INC COM (TSLA) (Margin)",TSLA,"TESLA INC COM",Margin,304.07,-1,,,,304.07,698.94,06/09/2025
06/05/2025,"YOU BOUGHT ADVANCED MICRO DEVICES INC (AMD) (Margin)",AMD,"ADVANCED MICRO DEVICES INC",Margin,114.88,0.5,,,,-57.44,394.87,06/06/2025
06/02/2025,"YOU BOUGHT SALESFORCE INC COM (CRM) (Margin)",CRM,"SALESFORCE INC COM",Margin,262.13,0.5,,,,-131.07,452.31,06/03/2025
06/02/2025,"YOU BOUGHT AMAZON.COM INC (AMZN) (Margin)",AMZN,"AMAZON.COM INC",Margin,205.8,0.5,,,,-102.9,583.38,06/03/2025
06/02/2025,"YOU BOUGHT ALPHABET INC CAP STK CL A (GOOGL) (Margin)",GOOGL,"ALPHABET INC CAP STK CL A",Margin,169.54,1,,,,-169.54,686.28,06/03/2025
06/02/2025,"YOU BOUGHT ALPHABET INC CAP STK CL A (GOOGL) (Margin)",GOOGL,"ALPHABET INC CAP STK CL A",Margin,169.55,0.5,,,,-84.78,855.82,06/03/2025
06/02/2025,"YOU BOUGHT ADVANCED MICRO DEVICES INC (AMD) (Margin)",AMD,"ADVANCED MICRO DEVICES INC",Margin,112.97,0.5,,,,-56.48,940.60,06/03/2025
06/02/2025,"Electronic Funds Transfer Received (Cash)", ,"No Description",Cash,,0.000,,,,800,997.08,
05/30/2025,"REINVESTMENT FIDELITY GOVERNMENT MONEY MARKET (SPAXX) (Cash)",SPAXX,"FIDELITY GOVERNMENT MONEY MARKET",Cash,1,0.4,,,,-0.4,197.08,
05/30/2025,"DIVIDEND RECEIVED FIDELITY GOVERNMENT MONEY MARKET (SPAXX) (Cash)",SPAXX,"FIDELITY GOVERNMENT MONEY MARKET",Cash,,0.000,,,,0.4,197.08,
05/29/2025,"YOU BOUGHT PAYPAL HLDGS INC COM (PYPL) (Cash)",PYPL,"PAYPAL HLDGS INC COM",Cash,70.84,0.07,,,,-4.96,196.68,05/30/2025
05/29/2025,"Electronic Funds Transfer Received (Cash)", ,"No Description",Cash,,0.000,,,,200,201.64,
05/13/2025,"YOU SOLD TESLA INC COM (TSLA) (Margin)",TSLA,"TESLA INC COM",Margin,333.55,-0.612,,,,204.13,1.64,05/14/2025
05/13/2025,"YOU SOLD TESLA INC COM (TSLA) (Margin)",TSLA,"TESLA INC COM",Margin,333.6,-1,,,,333.6,-202.49,05/14/2025
05/13/2025,"YOU BOUGHT ALPHABET INC CAP STK CL A (GOOGL) (Margin)",GOOGL,"ALPHABET INC CAP STK CL A",Margin,159.46,3,,,,-478.37,-536.09,05/14/2025
05/13/2025,"YOU BOUGHT ALPHABET INC CAP STK CL A (GOOGL) (Margin)",GOOGL,"ALPHABET INC CAP STK CL A",Margin,159.46,0.4,,,,-63.78,-57.72,05/14/2025
05/08/2025,"YOU BOUGHT PAYPAL HLDGS INC COM (PYPL) (Cash)",PYPL,"PAYPAL HLDGS INC COM",Cash,70.15,0.071,,,,-4.98,6.06,05/09/2025
05/07/2025,"YOU BOUGHT ALPHABET INC CAP STK CL A (GOOGL) (Margin)",GOOGL,"ALPHABET INC CAP STK CL A",Margin,153.06,2,,,,-306.12,11.04,05/08/2025
05/07/2025,"YOU BOUGHT ADVANCED MICRO DEVICES INC (AMD) (Margin)",AMD,"ADVANCED MICRO DEVICES INC",Margin,98.29,1,,,,-98.29,317.16,05/08/2025
05/06/2025,"YOU BOUGHT TESLA INC COM (TSLA) (Cash)",TSLA,"TESLA INC COM",Cash,273.62,0.036,,,,-9.85,415.45,05/07/2025
05/01/2025,"YOU BOUGHT PAYPAL HLDGS INC COM (PYPL) (Cash)",PYPL,"PAYPAL HLDGS INC COM",Cash,65.1,0.076,,,,-4.95,425.30,05/02/2025
04/30/2025,"REINVESTMENT FIDELITY GOVERNMENT MONEY MARKET (SPAXX) (Cash)",SPAXX,"FIDELITY GOVERNMENT MONEY MARKET",Cash,1,0.94,,,,-0.94,430.25,
04/30/2025,"DIVIDEND RECEIVED FIDELITY GOVERNMENT MONEY MARKET (SPAXX) (Cash)",SPAXX,"FIDELITY GOVERNMENT MONEY MARKET",Cash,,0.000,,,,0.94,430.25,
04/29/2025,"YOU BOUGHT TESLA INC COM (TSLA) (Cash)",TSLA,"TESLA INC COM",Cash,287,0.034,,,,-9.76,429.31,04/30/2025
04/24/2025,"DIVIDEND RECEIVED SALESFORCE INC COM (CRM) (Margin)",CRM,"SALESFORCE INC COM",Margin,,0.000,,,,1.46,439.07,
04/24/2025,"YOU BOUGHT PAYPAL HLDGS INC COM (PYPL) (Cash)",PYPL,"PAYPAL HLDGS INC COM",Cash,63.33,0.078,,,,-4.94,437.61,04/25/2025
04/23/2025,"YOU SOLD TESLA INC COM (TSLA) (Margin)",TSLA,"TESLA INC COM",Margin,252.73,-0.234,,,,59.14,442.55,04/24/2025
04/23/2025,"YOU SOLD TESLA INC COM (TSLA) (Margin)",TSLA,"TESLA INC COM",Margin,250.02,-2,,0.02,,500.02,383.41,04/24/2025
04/23/2025,"YOU SOLD TESLA INC COM (TSLA) (Margin)",TSLA,"TESLA INC COM",Margin,252.75,-2,,0.02,,505.48,-116.61,04/24/2025
04/23/2025,"YOU SOLD TESLA INC COM (TSLA) (Margin)",TSLA,"TESLA INC COM",Margin,255,-3,,0.03,,764.97,-622.09,04/24/2025
04/23/2025,"YOU BOUGHT AMAZON.COM INC (AMZN) (Margin)",AMZN,"AMAZON.COM INC",Margin,181.06,0.2,,,,-36.21,-1387.06,04/24/2025
04/23/2025,"YOU BOUGHT ALPHABET INC CAP STK CL A (GOOGL) (Margin)",GOOGL,"ALPHABET INC CAP STK CL A",Margin,154.86,3,,,,-464.59,-1350.85,04/24/2025
04/23/2025,"YOU BOUGHT ALPHABET INC CAP STK CL A (GOOGL) (Margin)",GOOGL,"ALPHABET INC CAP STK CL A",Margin,155.34,3,,,,-466.03,-886.26,04/24/2025
04/23/2025,"YOU BOUGHT ALPHABET INC CAP STK CL A (GOOGL) (Margin)",GOOGL,"ALPHABET INC CAP STK CL A",Margin,157.02,3,,,,-471.06,-420.23,04/24/2025
04/22/2025,"YOU BOUGHT TESLA INC COM (TSLA) (Cash)",TSLA,"TESLA INC COM",Cash,235.5,0.042,,,,-9.89,50.83,04/23/2025
04/21/2025,"YOU BOUGHT AMAZON.COM INC (AMZN) (Margin)",AMZN,"AMAZON.COM INC",Margin,166.46,0.75,,,,-124.85,60.72,04/22/2025
04/21/2025,"YOU BOUGHT ALPHABET INC CAP STK CL A (GOOGL) (Margin)",GOOGL,"ALPHABET INC CAP STK CL A",Margin,147.03,0.8,,,,-117.62,185.57,04/22/2025
04/17/2025,"YOU BOUGHT PAYPAL HLDGS INC COM (PYPL) (Cash)",PYPL,"PAYPAL HLDGS INC COM",Cash,61.11,0.081,,,,-4.95,303.19,04/21/2025
04/16/2025,"YOU BOUGHT AMAZON.COM INC (AMZN) (Margin)",AMZN,"AMAZON.COM INC",Margin,173.23,0.25,,,,-43.31,308.14,04/17/2025
04/16/2025,"YOU BOUGHT ALPHABET INC CAP STK CL A (GOOGL) (Margin)",GOOGL,"ALPHABET INC CAP STK CL A",Margin,153.5,0.25,,,,-38.38,351.45,04/17/2025
04/15/2025,"YOU BOUGHT TESLA INC COM (TSLA) (Cash)",TSLA,"TESLA INC COM",Cash,255.34,0.039,,,,-9.96,389.83,04/16/2025
04/10/2025,"YOU BOUGHT PAYPAL HLDGS INC COM (PYPL) (Cash)",PYPL,"PAYPAL HLDGS INC COM",Cash,60.62,0.082,,,,-4.97,399.79,04/11/2025
04/08/2025,"YOU BOUGHT TESLA INC COM (TSLA) (Cash)",TSLA,"TESLA INC COM",Cash,248.84,0.04,,,,-9.95,404.76,04/09/2025
04/08/2025,"YOU BOUGHT NIKE INC CLASS B COM NPV (NKE) (Margin)",NKE,"NIKE INC CLASS B COM NPV",Margin,53.03,0.5,,,,-26.51,414.71,04/09/2025
04/08/2025,"YOU BOUGHT AMAZON.COM INC (AMZN) (Margin)",AMZN,"AMAZON.COM INC",Margin,170.31,0.5,,,,-85.16,441.22,04/09/2025
04/08/2025,"YOU BOUGHT ALPHABET INC CAP STK CL A (GOOGL) (Margin)",GOOGL,"ALPHABET INC CAP STK CL A",Margin,144.11,0.5,,,,-72.05,526.38,04/09/2025
04/07/2025,"YOU SOLD CELSIUS HLDGS INC COM NEW (CELH) (Margin)",CELH,"CELSIUS HLDGS INC COM NEW",Margin,35.3,-2,,,,70.6,598.43,04/08/2025
04/07/2025,"YOU BOUGHT ALPHABET INC CAP STK CL A (GOOGL) (Margin)",GOOGL,"ALPHABET INC CAP STK CL A",Margin,147.69,0.5,,,,-73.85,527.83,04/08/2025
04/07/2025,"Electronic Funds Transfer Received (Cash)", ,"No Description",Cash,,0.000,,,,600,601.68,
04/03/2025,"YOU BOUGHT PAYPAL HLDGS INC COM (PYPL) (Cash)",PYPL,"PAYPAL HLDGS INC COM",Cash,61.54,0.081,,,,-4.98,1.68,04/04/2025
04/03/2025,"YOU BOUGHT NIKE INC CLASS B COM NPV (NKE) (Margin)",NKE,"NIKE INC CLASS B COM NPV",Margin,57.62,0.4,,,,-23.05,6.66,04/04/2025
04/03/2025,"YOU SOLD CELSIUS HLDGS INC COM NEW (CELH) (Margin)",CELH,"CELSIUS HLDGS INC COM NEW",Margin,36.22,-5,,,,181.1,29.71,04/04/2025
04/03/2025,"YOU BOUGHT AMAZON.COM INC (AMZN) (Margin)",AMZN,"AMAZON.COM INC",Margin,182.02,1,,,,-182.02,-151.39,04/04/2025
04/03/2025,"YOU BOUGHT ALPHABET INC CAP STK CL A (GOOGL) (Margin)",GOOGL,"ALPHABET INC CAP STK CL A",Margin,152.04,0.5,,,,-76.02,30.63,04/04/2025
04/03/2025,"TRANSFERRED FROM VS Z24-468360-1 (Cash)", ,"No Description",Cash,,0.000,,,,36,106.65,
04/03/2025,"TRANSFERRED FROM VS Z27-316070-1 (Cash)", ,"No Description",Cash,,0.000,,,,50,70.65,
04/01/2025,"DIVIDEND RECEIVED TEXAS ROADHOUSE INC (TXRH) (Margin)",TXRH,"TEXAS ROADHOUSE INC",Margin,,0.000,,,,14.96,20.65,
04/01/2025,"DIVIDEND RECEIVED NIKE INC CLASS B COM NPV (NKE) (Margin)",NKE,"NIKE INC CLASS B COM NPV",Margin,,0.000,,,,4.4,5.69,
04/01/2025,"YOU BOUGHT TESLA INC COM (TSLA) (Cash)",TSLA,"TESLA INC COM",Cash,266.76,0.037,,,,-9.87,1.29,04/02/2025
03/31/2025,"REINVESTMENT FIDELITY GOVERNMENT MONEY MARKET (SPAXX) (Cash)",SPAXX,"FIDELITY GOVERNMENT MONEY MARKET",Cash,1,0.02,,,,-0.02,11.16,
03/31/2025,"DIVIDEND RECEIVED FIDELITY GOVERNMENT MONEY MARKET (SPAXX) (Cash)",SPAXX,"FIDELITY GOVERNMENT MONEY MARKET",Cash,,0.000,,,,0.02,11.16,
03/27/2025,"YOU BOUGHT PAYPAL HLDGS INC COM (PYPL) (Cash)",PYPL,"PAYPAL HLDGS INC COM",Cash,69.83,0.071,,,,-4.96,11.14,03/28/2025
03/26/2025,"DIVIDEND RECEIVED META PLATFORMS INC CLASS A COMMON STOCK (META) (Margin)",META,"META PLATFORMS INC CLASS A COMMON STOCK",Margin,,0.000,,,,13.65,16.10,
03/20/2025,"YOU BOUGHT PAYPAL HLDGS INC COM (PYPL) (Cash)",PYPL,"PAYPAL HLDGS INC COM",Cash,70.58,0.07,,,,-4.94,2.45,03/21/2025
03/17/2025,"DIVIDEND RECEIVED ALPHABET INC CAP STK CL A (GOOGL) (Margin)",GOOGL,"ALPHABET INC CAP STK CL A",Margin,,0.000,,,,2.9,7.39,
02/28/2025,"REINVESTMENT FIDELITY GOVERNMENT MONEY MARKET (SPAXX) (Cash)",SPAXX,"FIDELITY GOVERNMENT MONEY MARKET",Cash,1,0.01,,,,-0.01,4.49,
02/28/2025,"DIVIDEND RECEIVED FIDELITY GOVERNMENT MONEY MARKET (SPAXX) (Cash)",SPAXX,"FIDELITY GOVERNMENT MONEY MARKET",Cash,,0.000,,,,0.01,4.49,
01/31/2025,"REINVESTMENT FIDELITY GOVERNMENT MONEY MARKET (SPAXX) (Cash)",SPAXX,"FIDELITY GOVERNMENT MONEY MARKET",Cash,1,0.04,,,,-0.04,4.48,
01/31/2025,"DIVIDEND RECEIVED FIDELITY GOVERNMENT MONEY MARKET (SPAXX) (Cash)",SPAXX,"FIDELITY GOVERNMENT MONEY MARKET",Cash,,0.000,,,,0.04,4.48,
01/10/2025,"YOU BOUGHT PAYPAL HLDGS INC COM (PYPL) (Cash)",PYPL,"PAYPAL HLDGS INC COM",Cash,84.59,0.059,,,,-4.99,4.44,01/13/2025
01/09/2025,"DIVIDEND RECEIVED SALESFORCE INC COM (CRM) (Margin)",CRM,"SALESFORCE INC COM",Margin,,0.000,,,,1.4,9.43,
01/02/2025,"DIVIDEND RECEIVED NIKE INC CLASS B COM NPV (NKE) (Margin)",NKE,"NIKE INC CLASS B COM NPV",Margin,,0.000,,,,3.6,8.03,
01/02/2025,"YOU BOUGHT PAYPAL HLDGS INC COM (PYPL) (Cash)",PYPL,"PAYPAL HLDGS INC COM",Cash,86.5,0.057,,,,-4.93,4.43,01/03/2025
01/02/2025,"YOU BOUGHT NIKE INC CLASS B COM NPV (NKE) (Margin)",NKE,"NIKE INC CLASS B COM NPV",Margin,73.55,1,,,,-73.55,9.36,01/03/2025
12/31/2024,"DIVIDEND RECEIVED TEXAS ROADHOUSE INC (TXRH) (Margin)",TXRH,"TEXAS ROADHOUSE INC",Margin,,0.000,,,,13.42,82.91,
12/31/2024,"REINVESTMENT FIDELITY GOVERNMENT MONEY MARKET (SPAXX) (Cash)",SPAXX,"FIDELITY GOVERNMENT MONEY MARKET",Cash,1,0.7,,,,-0.7,69.49,
12/31/2024,"DIVIDEND RECEIVED FIDELITY GOVERNMENT MONEY MARKET (SPAXX) (Cash)",SPAXX,"FIDELITY GOVERNMENT MONEY MARKET",Cash,,0.000,,,,0.7,69.49,
12/31/2024,"YOU BOUGHT TESLA INC COM (TSLA) (Cash)",TSLA,"TESLA INC COM",Cash,419.44,0.023,,,,-9.65,68.79,01/02/2025
12/27/2024,"DIVIDEND RECEIVED META PLATFORMS INC CLASS A COMMON STOCK (META) (Margin)",META,"META PLATFORMS INC CLASS A COMMON STOCK",Margin,,0.000,,,,13,78.44,
12/26/2024,"YOU BOUGHT PAYPAL HLDGS INC COM (PYPL) (Margin)",PYPL,"PAYPAL HLDGS INC COM",Margin,88.32,0.5,,,,-44.16,65.44,12/27/2024
12/26/2024,"YOU BOUGHT PAYPAL HLDGS INC COM (PYPL) (Cash)",PYPL,"PAYPAL HLDGS INC COM",Cash,88.32,0.056,,,,-4.95,109.60,12/27/2024
12/26/2024,"YOU BOUGHT NIKE INC CLASS B COM NPV (NKE) (Margin)",NKE,"NIKE INC CLASS B COM NPV",Margin,77.13,1,,,,-77.13,114.55,12/27/2024
12/24/2024,"YOU BOUGHT TESLA INC COM (TSLA) (Cash)",TSLA,"TESLA INC COM",Cash,445.98,0.022,,,,-9.81,191.68,12/26/2024
12/19/2024,"YOU BOUGHT PAYPAL HLDGS INC COM (PYPL) (Cash)",PYPL,"PAYPAL HLDGS INC COM",Cash,87.45,0.057,,,,-4.98,201.49,12/20/2024
12/17/2024,"YOU BOUGHT TESLA INC COM (TSLA) (Cash)",TSLA,"TESLA INC COM",Cash,482.92,0.02,,,,-9.66,206.47,12/18/2024
12/16/2024,"DIVIDEND RECEIVED ALPHABET INC CAP STK CL A (GOOGL) (Margin)",GOOGL,"ALPHABET INC CAP STK CL A",Margin,,0.000,,,,2.9,216.13,
12/12/2024,"YOU BOUGHT PAYPAL HLDGS INC COM (PYPL) (Cash)",PYPL,"PAYPAL HLDGS INC COM",Cash,89.96,0.055,,,,-4.95,213.23,12/13/2024
12/10/2024,"YOU BOUGHT TESLA INC COM (TSLA) (Cash)",TSLA,"TESLA INC COM",Cash,405.16,0.024,,,,-9.72,218.18,12/11/2024
12/05/2024,"YOU BOUGHT PAYPAL HLDGS INC COM (PYPL) (Cash)",PYPL,"PAYPAL HLDGS INC COM",Cash,88.9,0.056,,,,-4.98,227.90,12/06/2024
12/03/2024,"YOU BOUGHT TESLA INC COM (TSLA) (Cash)",TSLA,"TESLA INC COM",Cash,352.71,0.028,,,,-9.88,232.88,12/04/2024
11/29/2024,"REINVESTMENT FIDELITY GOVERNMENT MONEY MARKET (SPAXX) (Cash)",SPAXX,"FIDELITY GOVERNMENT MONEY MARKET",Cash,1,1.79,,,,-1.79,242.76,
11/29/2024,"DIVIDEND RECEIVED FIDELITY GOVERNMENT MONEY MARKET (SPAXX) (Cash)",SPAXX,"FIDELITY GOVERNMENT MONEY MARKET",Cash,,0.000,,,,1.79,242.76,
11/29/2024,"YOU BOUGHT PAYPAL HLDGS INC COM (PYPL) (Cash)",PYPL,"PAYPAL HLDGS INC COM",Cash,86.04,0.058,,,,-4.99,240.97,12/02/2024
11/26/2024,"YOU BOUGHT TESLA INC COM (TSLA) (Cash)",TSLA,"TESLA INC COM",Cash,342.43,0.029,,,,-9.93,245.96,11/27/2024
11/22/2024,"YOU SOLD SALESFORCE INC COM (CRM) (Margin)",CRM,"SALESFORCE INC COM",Margin,340.98,-0.5,,,,170.49,255.89,11/25/2024
11/22/2024,"YOU SOLD NIKE INC CLASS B COM NPV (NKE) (Margin)",NKE,"NIKE INC CLASS B COM NPV",Margin,77.34,-1,,,,77.34,85.40,11/25/2024
11/22/2024,"YOU BOUGHT ALPHABET INC CAP STK CL A (GOOGL) (Margin)",GOOGL,"ALPHABET INC CAP STK CL A",Margin,164.83,1,,,,-164.83,8.06,11/25/2024
11/22/2024,"YOU BOUGHT ALPHABET INC CAP STK CL A (GOOGL) (Margin)",GOOGL,"ALPHABET INC CAP STK CL A",Margin,164.75,0.5,,,,-82.37,172.89,11/25/2024
11/21/2024,"YOU BOUGHT PAYPAL HLDGS INC COM (PYPL) (Cash)",PYPL,"PAYPAL HLDGS INC COM",Cash,85.02,0.058,,,,-4.93,255.26,11/22/2024
11/19/2024,"YOU BOUGHT TESLA INC COM (TSLA) (Cash)",TSLA,"TESLA INC COM",Cash,342.06,0.029,,,,-9.92,260.19,11/20/2024
11/18/2024,"YOU BOUGHT NIKE INC CLASS B COM NPV (NKE) (Margin)",NKE,"NIKE INC CLASS B COM NPV",Margin,75.82,5,,,,-379.1,270.11,11/19/2024
1/14/2024,"YOU BOUGHT PAYPAL HLDGS INC COM (PYPL) (Cash)",PYPL,"PAYPAL HLDGS INC COM",Cash,87.1,0.057,,,,-4.96,649.21,11/15/2024
11/12/2024,"YOU BOUGHT TESLA INC COM (TSLA) (Cash)",TSLA,"TESLA INC COM",Cash,339.5,0.029,,,,-9.85,654.17,11/13/2024
11/07/2024,"YOU BOUGHT PAYPAL HLDGS INC COM (PYPL) (Cash)",PYPL,"PAYPAL HLDGS INC COM",Cash,82.08,0.06,,,,-4.92,664.02,11/08/2024
11/05/2024,"YOU BOUGHT TESLA INC COM (TSLA) (Cash)",TSLA,"TESLA INC COM",Cash,251.87,0.039,,,,-9.82,668.94,11/06/2024
10/31/2024,"REINVESTMENT FIDELITY GOVERNMENT MONEY MARKET (SPAXX) (Cash)",SPAXX,"FIDELITY GOVERNMENT MONEY MARKET",Cash,1,2.74,,,,-2.74,678.76,
10/31/2024,"DIVIDEND RECEIVED FIDELITY GOVERNMENT MONEY MARKET (SPAXX) (Cash)",SPAXX,"FIDELITY GOVERNMENT MONEY MARKET",Cash,,0.000,,,,2.74,678.76,
10/31/2024,"YOU BOUGHT PAYPAL HLDGS INC COM (PYPL) (Cash)",PYPL,"PAYPAL HLDGS INC COM",Cash,78.91,0.063,,,,-4.97,676.02,11/01/2024
10/29/2024,"YOU BOUGHT TESLA INC COM (TSLA) (Cash)",TSLA,"TESLA INC COM",Cash,261.15,0.038,,,,-9.92,680.99,10/30/2024
10/24/2024,"YOU BOUGHT PAYPAL HLDGS INC COM (PYPL) (Cash)",PYPL,"PAYPAL HLDGS INC COM",Cash,82.31,0.06,,,,-4.94,690.91,10/25/2024
10/22/2024,"YOU BOUGHT TESLA INC COM (TSLA) (Cash)",TSLA,"TESLA INC COM",Cash,217.45,0.045,,,,-9.79,695.85,10/23/2024
10/17/2024,"YOU BOUGHT PAYPAL HLDGS INC COM (PYPL) (Cash)",PYPL,"PAYPAL HLDGS INC COM",Cash,80.21,0.062,,,,-4.97,705.64,10/18/2024
10/15/2024,"YOU BOUGHT TESLA INC COM (TSLA) (Cash)",TSLA,"TESLA INC COM",Cash,218.51,0.045,,,,-9.83,710.61,10/16/2024
10/10/2024,"YOU BOUGHT PAYPAL HLDGS INC COM (PYPL) (Cash)",PYPL,"PAYPAL HLDGS INC COM",Cash,79.35,0.063,,,,-5,720.44,10/11/2024
10/08/2024,"DIVIDEND RECEIVED SALESFORCE INC COM (CRM) (Margin)",CRM,"SALESFORCE INC COM",Margin,,0.000,,,,1.6,725.44,
10/08/2024,"YOU BOUGHT TESLA INC COM (TSLA) (Cash)",TSLA,"TESLA INC COM",Cash,244.28,0.04,,,,-9.77,723.84,10/09/2024
10/03/2024,"YOU BOUGHT PAYPAL HLDGS INC COM (PYPL) (Cash)",PYPL,"PAYPAL HLDGS INC COM",Cash,76.35,0.065,,,,-4.96,733.61,10/04/2024
10/01/2024,"DIVIDEND RECEIVED NIKE INC CLASS B COM NPV (NKE) (Margin)",NKE,"NIKE INC CLASS B COM NPV",Margin,,0.000,,,,0.37,738.57,
10/01/2024,"YOU BOUGHT TESLA INC COM (TSLA) (Cash)",TSLA,"TESLA INC COM",Cash,252.94,0.039,,,,-9.86,738.20,10/02/2024
09/30/2024,"REINVESTMENT FIDELITY GOVERNMENT MONEY MARKET (SPAXX) (Cash)",SPAXX,"FIDELITY GOVERNMENT MONEY MARKET",Cash,1,4.09,,,,-4.09,748.06,
09/30/2024,"DIVIDEND RECEIVED FIDELITY GOVERNMENT MONEY MARKET (SPAXX) (Cash)",SPAXX,"FIDELITY GOVERNMENT MONEY MARKET",Cash,,0.000,,,,4.09,748.06,
09/26/2024,"DIVIDEND RECEIVED META PLATFORMS INC CLASS A COMMON STOCK (META) (Margin)",META,"META PLATFORMS INC CLASS A COMMON STOCK",Margin,,0.000,,,,13,743.97,
09/26/2024,"YOU BOUGHT PAYPAL HLDGS INC COM (PYPL) (Cash)",PYPL,"PAYPAL HLDGS INC COM",Cash,79.67,0.062,,,,-4.94,730.97,09/27/2024
09/24/2024,"DIVIDEND RECEIVED TEXAS ROADHOUSE INC (TXRH) (Margin)",TXRH,"TEXAS ROADHOUSE INC",Margin,,0.000,,,,13.42,735.91,
09/24/2024,"YOU BOUGHT TESLA INC COM (TSLA) (Cash)",TSLA,"TESLA INC COM",Cash,253.23,0.039,,,,-9.88,722.49,09/25/2024
09/19/2024,"YOU BOUGHT PAYPAL HLDGS INC COM (PYPL) (Cash)",PYPL,"PAYPAL HLDGS INC COM",Cash,76.24,0.065,,,,-4.96,732.37,09/20/2024
09/17/2024,"YOU BOUGHT TESLA INC COM (TSLA) (Cash)",TSLA,"TESLA INC COM",Cash,233.5,0.042,,,,-9.81,737.33,09/18/2024
09/16/2024,"DIVIDEND RECEIVED ALPHABET INC CAP STK CL A (GOOGL) (Margin)",GOOGL,"ALPHABET INC CAP STK CL A",Margin,,0.000,,,,2.6,747.14,
09/16/2024,"Electronic Funds Transfer Paid (Cash)",,"No Description",Cash,,0.000,,,,-800,744.54,
09/12/2024,"YOU BOUGHT PAYPAL HLDGS INC COM (PYPL) (Cash)",PYPL,"PAYPAL HLDGS INC COM",Cash,69.69,0.071,,,,-4.95,1544.54,09/13/2024
09/10/2024,"YOU BOUGHT TESLA INC COM (TSLA) (Cash)",TSLA,"TESLA INC COM",Cash,222.92,0.044,,,,-9.81,1549.49,09/11/2024
09/05/2024,"YOU BOUGHT SALESFORCE INC COM (CRM) (Margin)",CRM,"SALESFORCE INC COM",Margin,247.33,4,,,,-989.32,1559.30,09/06/2024
09/05/2024,"YOU BOUGHT PAYPAL HLDGS INC COM (PYPL) (Cash)",PYPL,"PAYPAL HLDGS INC COM",Cash,71.11,0.07,,,,-4.98,2548.62,09/06/2024
09/05/2024,"YOU BOUGHT NIKE INC CLASS B COM NPV (NKE) (Margin)",NKE,"NIKE INC CLASS B COM NPV",Margin,80.68,4,,,,-322.7,2553.60,09/06/2024
09/05/2024,"YOU SOLD CRICUT INC COM CL A (CRCT) (Margin)",CRCT,"CRICUT INC COM CL A",Margin,5.97,-100,,0.02,,597.45,2876.30,09/06/2024
09/05/2024,"YOU SOLD CORSAIR GAMING INC COM (CRSR) (Margin)",CRSR,"CORSAIR GAMING INC COM",Margin,6.15,-110,,0.02,,676.84,2278.85,09/06/2024
09/05/2024,"YOU BOUGHT CELSIUS HLDGS INC COM NEW (CELH) (Margin)",CELH,"CELSIUS HLDGS INC COM NEW",Margin,31.97,7,,,,-223.79,1602.01,09/06/2024
09/05/2024,"YOU BOUGHT ALPHABET INC CAP STK CL A (GOOGL) (Margin)",GOOGL,"ALPHABET INC CAP STK CL A",Margin,157.57,1,,,,-157.57,1825.80,09/06/2024
09/05/2024,"YOU BOUGHT ALPHABET INC CAP STK CL A (GOOGL) (Margin)",GOOGL,"ALPHABET INC CAP STK CL A",Margin,157.57,0.5,,,,-78.78,1983.37,09/06/2024
09/05/2024,"YOU SOLD ALIBABA GROUP HOLDING LTD SPON ADS E... (BABA) (Margin)",BABA,"ALIBABA GROUP HOLDING LTD SPON ADS EACH",Margin,82.14,-10,,0.03,,821.37,2062.15,09/06/2024
09/05/2024,"YOU SOLD ADOBE INC COM (ADBE) (Margin)",ADBE,"ADOBE INC COM",Margin,567.76,-1,,0.02,,567.74,1240.78,09/06/2024
09/03/2024,"YOU BOUGHT TESLA INC COM (TSLA) (Cash)",TSLA,"TESLA INC COM",Cash,216.67,0.046,,,,-9.97,673.04,09/04/2024
08/30/2024,"REINVESTMENT FIDELITY GOVERNMENT MONEY MARKET (SPAXX) (Cash)",SPAXX,"FIDELITY GOVERNMENT MONEY MARKET",Cash,1,2.01,,,,-2.01,683.01,
08/30/2024,"DIVIDEND RECEIVED FIDELITY GOVERNMENT MONEY MARKET (SPAXX) (Cash)",SPAXX,"FIDELITY GOVERNMENT MONEY MARKET",Cash,,0.000,,,,2.01,683.01,
08/29/2024,"YOU BOUGHT PAYPAL HLDGS INC COM (PYPL) (Cash)",PYPL,"PAYPAL HLDGS INC COM",Cash,72.7,0.068,,,,-4.94,681.00,08/30/2024
08/27/2024,"YOU BOUGHT TESLA INC COM (TSLA) (Cash)",TSLA,"TESLA INC COM",Cash,208.6,0.047,,,,-9.8,685.94,08/28/2024
08/22/2024,"YOU BOUGHT PAYPAL HLDGS INC COM (PYPL) (Cash)",PYPL,"PAYPAL HLDGS INC COM",Cash,72.13,0.069,,,,-4.98,695.74,08/23/2024
08/20/2024,"YOU BOUGHT TESLA INC COM (TSLA) (Cash)",TSLA,"TESLA INC COM",Cash,221.62,0.045,,,,-9.97,700.72,08/21/2024
08/15/2024,"YOU BOUGHT PAYPAL HLDGS INC COM (PYPL) (Cash)",PYPL,"PAYPAL HLDGS INC COM",Cash,67.68,0.073,,,,-4.94,710.69,08/16/2024
08/15/2024,"YOU SOLD WIX.COM LTD COM ILS0.01 (WIX) (Margin)",WIX,"WIX.COM LTD COM ILS0.01",Margin,162.5,-3,,0.02,,487.48,715.63,08/16/2024
08/13/2024,"YOU BOUGHT TESLA INC COM (TSLA) (Cash)",TSLA,"TESLA INC COM",Cash,204.99,0.048,,,,-9.84,228.15,08/14/2024
08/08/2024,"YOU BOUGHT PAYPAL HLDGS INC COM (PYPL) (Cash)",PYPL,"PAYPAL HLDGS INC COM",Cash,64.24,0.077,,,,-4.95,237.99,08/09/2024
08/06/2024,"YOU BOUGHT TESLA INC COM (TSLA) (Cash)",TSLA,"TESLA INC COM",Cash,196.35,0.05,,,,-9.82,242.94,08/07/2024
08/01/2024,"YOU BOUGHT PAYPAL HLDGS INC COM (PYPL) (Cash)",PYPL,"PAYPAL HLDGS INC COM",Cash,66.88,0.074,,,,-4.95,252.76,08/02/2024
07/31/2024,"REINVESTMENT FIDELITY GOVERNMENT MONEY MARKET (SPAXX) (Cash)",SPAXX,"FIDELITY GOVERNMENT MONEY MARKET",Cash,1,1.17,,,,-1.17,257.71,
07/31/2024,"DIVIDEND RECEIVED FIDELITY GOVERNMENT MONEY MARKET (SPAXX) (Cash)",SPAXX,"FIDELITY GOVERNMENT MONEY MARKET",Cash,,0.000,,,,1.17,257.71,
07/30/2024,"YOU BOUGHT TESLA INC COM (TSLA) (Cash)",TSLA,"TESLA INC COM",Cash,231.14,0.043,,,,-9.94,256.54,07/31/2024
07/25/2024,"YOU BOUGHT PAYPAL HLDGS INC COM (PYPL) (Cash)",PYPL,"PAYPAL HLDGS INC COM",Cash,58.18,0.085,,,,-4.95,266.48,07/26/2024
07/23/2024,"YOU BOUGHT TESLA INC COM (TSLA) (Cash)",TSLA,"TESLA INC COM",Cash,248.63,0.04,,,,-9.95,271.43,07/24/2024
07/19/2024,"DIVIDEND RECEIVED CRICUT INC COM CL A (CRCT) (Margin)",CRCT,"CRICUT INC COM CL A",Margin,,0.000,,,,10,281.38,
07/19/2024,"DIVIDEND RECEIVED CRICUT INC COM CL A (CRCT) (Margin)",CRCT,"CRICUT INC COM CL A",Margin,,0.000,,,,40,271.38,
07/18/2024,"YOU BOUGHT PAYPAL HLDGS INC COM (PYPL) (Cash)",PYPL,"PAYPAL HLDGS INC COM",Cash,60.89,0.082,,,,-4.99,231.38,07/19/2024
07/16/2024,"YOU BOUGHT TESLA INC COM (TSLA) (Cash)",TSLA,"TESLA INC COM",Cash,248.22,0.04,,,,-9.93,236.37,07/17/2024
07/12/2024,"FEE CHARGED ALIBABA GROUP HOLDING LTD SPON ADS E... (BABA) (Margin)",BABA,"ALIBABA GROUP HOLDING LTD SPON ADS EACH",Margin,,0.000,,,,-0.2,246.30,
07/12/2024,"DIVIDEND RECEIVED ALIBABA GROUP HOLDING LTD SPON ADS E... (BABA) (Margin)",BABA,"ALIBABA GROUP HOLDING LTD SPON ADS EACH",Margin,,0.000,,,,6.6,246.50,
07/12/2024,"DIVIDEND RECEIVED ALIBABA GROUP HOLDING LTD SPON ADS E... (BABA) (Margin)",BABA,"ALIBABA GROUP HOLDING LTD SPON ADS EACH",Margin,,0.000,,,,10,239.90,
07/11/2024,"YOU BOUGHT PAYPAL HLDGS INC COM (PYPL) (Cash)",PYPL,"PAYPAL HLDGS INC COM",Cash,60.75,0.082,,,,-4.98,229.90,07/12/2024
07/09/2024,"YOU BOUGHT TESLA INC COM (TSLA) (Cash)",TSLA,"TESLA INC COM",Cash,256.83,0.038,,,,-9.76,234.88,07/10/2024
07/05/2024,"YOU BOUGHT PAYPAL HLDGS INC COM (PYPL) (Margin)",PYPL,"PAYPAL HLDGS INC COM",Margin,59.38,2,,,,-118.76,244.64,07/08/2024
07/05/2024,"YOU BOUGHT PAYPAL HLDGS INC COM (PYPL) (Margin)",PYPL,"PAYPAL HLDGS INC COM",Margin,59.38,0.277,,,,-16.45,363.40,07/08/2024
07/05/2024,"YOU BOUGHT PAYPAL HLDGS INC COM (PYPL) (Cash)",PYPL,"PAYPAL HLDGS INC COM",Cash,59.55,0.083,,,,-4.94,379.85,07/08/2024
07/05/2024,"YOU BOUGHT NIKE INC CLASS B COM NPV (NKE) (Margin)",NKE,"NIKE INC CLASS B COM NPV",Margin,75.34,1,,,,-75.34,384.79,07/08/2024
07/02/2024,"YOU SOLD SLEEP NUMBER CORP COM (SNBR) (Margin)",SNBR,"SLEEP NUMBER CORP COM",Margin,9.2,-50,,0.02,,459.98,460.13,07/03/2024
07/01/2024,"YOU BOUGHT PAYPAL HLDGS INC COM (PYPL) (Margin)",PYPL,"PAYPAL HLDGS INC COM",Margin,57.81,3,,,,-173.43,0.15,07/02/2024
06/28/2024,"REINVESTMENT FIDELITY GOVERNMENT MONEY MARKET (SPAXX) (Cash)",SPAXX,"FIDELITY GOVERNMENT MONEY MARKET",Cash,1,0.32,,,,-0.32,173.58,
06/28/2024,"DIVIDEND RECEIVED FIDELITY GOVERNMENT MONEY MARKET (SPAXX) (Cash)",SPAXX,"FIDELITY GOVERNMENT MONEY MARKET",Cash,,0.000,,,,0.32,173.58,
06/27/2024,"YOU BOUGHT PAYPAL HLDGS INC COM (PYPL) (Margin)",PYPL,"PAYPAL HLDGS INC COM",Margin,58.47,2,,,,-116.94,173.26,06/28/2024
06/27/2024,"YOU BOUGHT PAYPAL HLDGS INC COM (PYPL) (Margin)",PYPL,"PAYPAL HLDGS INC COM",Margin,58.47,0.75,,,,-43.85,290.20,06/28/2024
06/27/2024,"YOU BOUGHT PAYPAL HLDGS INC COM (PYPL) (Cash)",PYPL,"PAYPAL HLDGS INC COM",Cash,58.06,0.086,,,,-4.99,334.05,06/28/2024
06/27/2024,"YOU SOLD CORSAIR GAMING INC COM (CRSR) (Margin)",CRSR,"CORSAIR GAMING INC COM",Margin,11.16,-15,,,,167.4,339.04,06/28/2024
06/26/2024,"DIVIDEND RECEIVED META PLATFORMS INC CLASS A COMMON STOCK (META) (Margin)",META,"META PLATFORMS INC CLASS A COMMON STOCK",Margin,,0.000,,,,13,171.64,
06/25/2024,"DIVIDEND RECEIVED TEXAS ROADHOUSE INC (TXRH) (Margin)",TXRH,"TEXAS ROADHOUSE INC",Margin,,0.000,,,,13.42,158.64,
06/25/2024,"YOU BOUGHT TESLA INC COM (TSLA) (Cash)",TSLA,"TESLA INC COM",Cash,186.16,0.053,,,,-9.87,145.22,06/26/2024
06/20/2024,"YOU BOUGHT PAYPAL HLDGS INC COM (PYPL) (Cash)",PYPL,"PAYPAL HLDGS INC COM",Cash,59.22,0.084,,,,-4.97,155.09,06/21/2024
06/18/2024,"YOU BOUGHT TESLA INC COM (TSLA) (Cash)",TSLA,"TESLA INC COM",Cash,184,0.054,,,,-9.94,160.06,06/20/2024
06/17/2024,"DIVIDEND RECEIVED ALPHABET INC CAP STK CL A (GOOGL) (Margin)",GOOGL,"ALPHABET INC CAP STK CL A",Margin,,0.000,,,,2.3,170.00,
06/14/2024,"YOU SOLD CRICUT INC COM CL A (CRCT) (Margin)",CRCT,"CRICUT INC COM CL A",Margin,6.67,-25,,,,166.63,167.70,06/17/2024
06/06/2024,"YOU BOUGHT PAYPAL HLDGS INC COM (PYPL) (Cash)",PYPL,"PAYPAL HLDGS INC COM",Cash,65.79,0.075,,,,-4.93,1.07,06/07/2024
05/31/2024,"REINVESTMENT FIDELITY GOVERNMENT MONEY MARKET (SPAXX) (Cash)",SPAXX,"FIDELITY GOVERNMENT MONEY MARKET",Cash,1,1.3,,,,-1.3,6.00,
05/31/2024,"DIVIDEND RECEIVED FIDELITY GOVERNMENT MONEY MARKET (SPAXX) (Cash)",SPAXX,"FIDELITY GOVERNMENT MONEY MARKET",Cash,,0.000,,,,1.3,6.00,
05/30/2024,"YOU BOUGHT PAYPAL HLDGS INC COM (PYPL) (Cash)",PYPL,"PAYPAL HLDGS INC COM",Cash,62.79,0.079,,,,-4.96,4.70,05/31/2024
05/29/2024,"YOU BOUGHT PAYPAL HLDGS INC COM (PYPL) (Margin)",PYPL,"PAYPAL HLDGS INC COM",Margin,60.97,1,,,,-60.97,9.66,05/30/2024
05/29/2024,"YOU BOUGHT PAYPAL HLDGS INC COM (PYPL) (Margin)",PYPL,"PAYPAL HLDGS INC COM",Margin,60.98,0.8,,,,-48.78,70.63,05/30/2024
05/29/2024,"YOU SOLD CORSAIR GAMING INC COM (CRSR) (Margin)",CRSR,"CORSAIR GAMING INC COM",Margin,11.41,-10,,,,114.1,119.41,05/30/2024
05/24/2024,"YOU BOUGHT TESLA INC COM (TSLA) (Margin)",TSLA,"TESLA INC COM",Margin,174,1,,,,-174,5.31,05/29/2024
05/24/2024,"YOU BOUGHT TESLA INC COM (TSLA) (Margin)",TSLA,"TESLA INC COM",Margin,173.96,0.75,,,,-130.47,179.31,05/29/2024
05/23/2024,"YOU BOUGHT TESLA INC COM (TSLA) (Margin)",TSLA,"TESLA INC COM",Margin,177.06,1,,,,-177.06,309.78,05/28/2024
05/23/2024,"YOU BOUGHT TESLA INC COM (TSLA) (Margin)",TSLA,"TESLA INC COM",Margin,177.06,0.5,,,,-88.53,486.84,05/28/2024
05/23/2024,"YOU BOUGHT PAYPAL HLDGS INC COM (PYPL) (Margin)",PYPL,"PAYPAL HLDGS INC COM",Margin,62.25,4,,,,-249.01,575.37,05/28/2024
05/23/2024,"YOU BOUGHT PAYPAL HLDGS INC COM (PYPL) (Cash)",PYPL,"PAYPAL HLDGS INC COM",Cash,62.28,0.08,,,,-4.98,824.38,05/28/2024
05/23/2024,"YOU SOLD WIX.COM LTD COM ILS0.01 (WIX) (Margin)",WIX,"WIX.COM LTD COM ILS0.01",Margin,165.53,-3,,0.02,,496.58,829.36,05/28/2024
05/21/2024,"FEE CHARGED as of Apr-09-2024 ALIBABA GROUP HOLDING LTD SPON ADS E... (BABA) (Margin)",BABA,"ALIBABA GROUP HOLDING LTD SPON ADS EACH",Margin,,0.000,,,,-0.2,332.78,
05/21/2024,"YOU BOUGHT TESLA INC COM (TSLA) (Cash)",TSLA,"TESLA INC COM",Cash,178.5,0.056,,,,-10,332.98,05/23/2024
05/16/2024,"YOU BOUGHT PAYPAL HLDGS INC COM (PYPL) (Cash)",PYPL,"PAYPAL HLDGS INC COM",Cash,63.82,0.078,,,,-4.98,342.98,05/20/2024
05/14/2024,"YOU BOUGHT TESLA INC COM (TSLA) (Cash)",TSLA,"TESLA INC COM",Cash,174.76,0.057,,,,-9.96,347.96,05/16/2024
05/09/2024,"YOU BOUGHT PAYPAL HLDGS INC COM (PYPL) (Cash)",PYPL,"PAYPAL HLDGS INC COM",Cash,63.72,0.078,,,,-4.97,357.92,05/13/2024
05/07/2024,"YOU BOUGHT TESLA INC COM (TSLA) (Cash)",TSLA,"TESLA INC COM",Cash,179.17,0.055,,,,-9.85,362.89,05/09/2024
05/02/2024,"YOU BOUGHT PAYPAL HLDGS INC COM (PYPL) (Cash)",PYPL,"PAYPAL HLDGS INC COM",Cash,66.36,0.075,,,,-4.98,372.74,05/06/2024
04/30/2024,"REINVESTMENT FIDELITY GOVERNMENT MONEY MARKET (SPAXX) (Cash)",SPAXX,"FIDELITY GOVERNMENT MONEY MARKET",Cash,1,1.04,,,,-1.04,377.72,
04/30/2024,"DIVIDEND RECEIVED FIDELITY GOVERNMENT MONEY MARKET (SPAXX) (Cash)",SPAXX,"FIDELITY GOVERNMENT MONEY MARKET",Cash,,0.000,,,,1.04,377.72,
04/30/2024,"YOU BOUGHT TESLA INC COM (TSLA) (Cash)",TSLA,"TESLA INC COM",Cash,187.37,0.053,,,,-9.93,376.68,05/02/2024
04/25/2024,"YOU BOUGHT PAYPAL HLDGS INC COM (PYPL) (Cash)",PYPL,"PAYPAL HLDGS INC COM",Cash,62.97,0.079,,,,-4.97,386.61,04/29/2024
04/23/2024,"YOU BOUGHT TESLA INC COM (TSLA) (Margin)",TSLA,"TESLA INC COM",Margin,145.75,1,,,,-145.75,391.58,04/25/2024
04/23/2024,"YOU BOUGHT TESLA INC COM (TSLA) (Margin)",TSLA,"TESLA INC COM",Margin,145.76,0.388,,,,-56.55,537.33,04/25/2024
04/23/2024,"YOU BOUGHT TESLA INC COM (TSLA) (Cash)",TSLA,"TESLA INC COM",Cash,145.38,0.068,,,,-9.89,593.88,04/25/2024
04/23/2024,"YOU SOLD REVOLVE GROUP INC CL A (RVLV) (Margin)",RVLV,"REVOLVE GROUP INC CL A",Margin,19.71,-8,,,,157.64,603.77,04/25/2024
04/23/2024,"YOU SOLD CRICUT INC COM CL A (CRCT) (Margin)",CRCT,"CRICUT INC COM CL A",Margin,5.33,-50,,,,266.32,446.13,04/25/2024
04/22/2024,"Electronic Funds Transfer Received (Cash)", ,"No Description",Cash,,0.000,,,,140,179.81,
04/19/2024,"YOU BOUGHT TESLA INC COM (TSLA) (Margin)",TSLA,"TESLA INC COM",Margin,149.74,1,,,,-149.74,39.81,04/23/2024
04/19/2024,"YOU SOLD REVOLVE GROUP INC CL A (RVLV) (Margin)",RVLV,"REVOLVE GROUP INC CL A",Margin,19.07,-0.5,,,,9.54,189.55,04/23/2024
04/19/2024,"YOU SOLD REVOLVE GROUP INC CL A (RVLV) (Margin)",RVLV,"REVOLVE GROUP INC CL A",Margin,19.1,-9,,,,171.9,180.01,04/23/2024
04/18/2024,"YOU BOUGHT PAYPAL HLDGS INC COM (PYPL) (Cash)",PYPL,"PAYPAL HLDGS INC COM",Cash,63.2,0.079,,,,-4.99,8.11,04/22/2024
04/16/2024,"YOU BOUGHT TESLA INC COM (TSLA) (Margin)",TSLA,"TESLA INC COM",Margin,156.9,2,,,,-313.8,13.10,04/18/2024
04/16/2024,"YOU BOUGHT TESLA INC COM (TSLA) (Cash)",TSLA,"TESLA INC COM",Cash,156.94,0.063,,,,-9.89,326.90,04/18/2024
04/16/2024,"YOU SOLD REVOLVE GROUP INC CL A (RVLV) (Margin)",RVLV,"REVOLVE GROUP INC CL A",Margin,18.47,-0.5,,,,9.24,336.79,04/18/2024
04/16/2024,"YOU SOLD REVOLVE GROUP INC CL A (RVLV) (Margin)",RVLV,"REVOLVE GROUP INC CL A",Margin,18.47,-2,,,,36.94,327.55,04/18/2024
04/11/2024,"YOU BOUGHT PAYPAL HLDGS INC COM (PYPL) (Cash)",PYPL,"PAYPAL HLDGS INC COM",Cash,64.89,0.077,,,,-5,290.61,04/15/2024
04/09/2024,"YOU BOUGHT TESLA INC COM (TSLA) (Cash)",TSLA,"TESLA INC COM",Cash,179.05,0.055,,,,-9.85,295.61,04/11/2024
04/04/2024,"YOU BOUGHT PAYPAL HLDGS INC COM (PYPL) (Cash)",PYPL,"PAYPAL HLDGS INC COM",Cash,66.04,0.075,,,,-4.95,305.46,04/08/2024
04/02/2024,"YOU BOUGHT TESLA INC COM (TSLA) (Cash)",TSLA,"TESLA INC COM",Cash,166.42,0.06,,,,-9.99,310.41,04/04/2024
03/28/2024,"REINVESTMENT FIDELITY GOVERNMENT MONEY MARKET (SPAXX) (Cash)",SPAXX,"FIDELITY GOVERNMENT MONEY MARKET",Cash,1,1.43,,,,-1.43,320.40,
03/28/2024,"DIVIDEND RECEIVED FIDELITY GOVERNMENT MONEY MARKET (SPAXX) (Cash)",SPAXX,"FIDELITY GOVERNMENT MONEY MARKET",Cash,,0.000,,,,1.43,320.40,
03/28/2024,"YOU BOUGHT PAYPAL HLDGS INC COM (PYPL) (Cash)",PYPL,"PAYPAL HLDGS INC COM",Cash,66.69,0.074,,,,-4.94,318.97,04/02/2024
03/26/2024,"DIVIDEND RECEIVED TEXAS ROADHOUSE INC (TXRH) (Margin)",TXRH,"TEXAS ROADHOUSE INC",Margin,,0.000,,,,13.42,323.91,
03/26/2024,"DIVIDEND RECEIVED META PLATFORMS INC CLASS A COMMON STOCK (META) (Margin)",META,"META PLATFORMS INC CLASS A COMMON STOCK",Margin,,0.000,,,,13,310.49,
03/26/2024,"YOU BOUGHT TESLA INC COM (TSLA) (Cash)",TSLA,"TESLA INC COM",Cash,181.76,0.055,,,,-10,297.49,03/28/2024
03/25/2024,"YOU BOUGHT TESLA INC COM (TSLA) (Margin)",TSLA,"TESLA INC COM",Margin,173,1,,,,-173,307.49,03/27/2024
03/21/2024,"YOU BOUGHT PAYPAL HLDGS INC COM (PYPL) (Cash)",PYPL,"PAYPAL HLDGS INC COM",Cash,66.63,0.075,,,,-5,480.49,03/25/2024
03/19/2024,"YOU BOUGHT TESLA INC COM (TSLA) (Cash)",TSLA,"TESLA INC COM",Cash,169.35,0.059,,,,-9.99,485.49,03/21/2024
03/14/2024,"YOU BOUGHT PAYPAL HLDGS INC COM (PYPL) (Cash)",PYPL,"PAYPAL HLDGS INC COM",Cash,62.97,0.079,,,,-4.97,495.48,03/18/2024
03/13/2024,"YOU BOUGHT TESLA INC COM (TSLA) (Margin)",TSLA,"TESLA INC COM",Margin,171.06,1,,,,-171.06,500.45,03/15/2024
03/13/2024,"YOU SOLD PINTEREST INC CL A (PINS) (Margin)",PINS,"PINTEREST INC CL A",Margin,34.85,-10,,,,348.52,671.51,03/15/2024
03/13/2024,"YOU BOUGHT PAYPAL HLDGS INC COM (PYPL) (Margin)",PYPL,"PAYPAL HLDGS INC COM",Margin,62.77,0.495,,,,-31.07,322.99,03/15/2024
03/12/2024,"YOU BOUGHT TESLA INC COM (TSLA) (Cash)",TSLA,"TESLA INC COM",Cash,175.34,0.057,,,,-9.99,354.06,03/14/2024
03/11/2024,"YOU SOLD REVOLVE GROUP INC CL A (RVLV) (Margin)",RVLV,"REVOLVE GROUP INC CL A",Margin,20.52,-10,,,,205.2,364.05,03/13/2024
03/07/2024,"YOU BOUGHT PAYPAL HLDGS INC COM (PYPL) (Cash)",PYPL,"PAYPAL HLDGS INC COM",Cash,58.13,0.086,,,,-5,158.85,03/11/2024
03/05/2024,"YOU BOUGHT TESLA INC COM (TSLA) (Margin)",TSLA,"TESLA INC COM",Margin,181.47,1,,,,-181.47,163.85,03/07/2024
03/05/2024,"YOU BOUGHT TESLA INC COM (TSLA) (Cash)",TSLA,"TESLA INC COM",Cash,178.94,0.055,,,,-9.84,345.32,03/07/2024
03/05/2024,"YOU SOLD REVOLVE GROUP INC CL A (RVLV) (Margin)",RVLV,"REVOLVE GROUP INC CL A",Margin,21.78,-5,,,,108.88,355.16,03/07/2024
02/29/2024,"REINVESTMENT FIDELITY GOVERNMENT MONEY MARKET (SPAXX) (Cash)",SPAXX,"FIDELITY GOVERNMENT MONEY MARKET",Cash,1,1.14,,,,-1.14,246.28,
02/29/2024,"DIVIDEND RECEIVED FIDELITY GOVERNMENT MONEY MARKET (SPAXX) (Cash)",SPAXX,"FIDELITY GOVERNMENT MONEY MARKET",Cash,,0.000,,,,1.14,246.28,
02/29/2024,"YOU BOUGHT PAYPAL HLDGS INC COM (PYPL) (Cash)",PYPL,"PAYPAL HLDGS INC COM",Cash,61.07,0.081,,,,-4.95,245.14,03/04/2024
02/28/2024,"YOU SOLD REVOLVE GROUP INC CL A (RVLV) (Margin)",RVLV,"REVOLVE GROUP INC CL A",Margin,20.12,-15,,,,301.8,250.09,03/01/2024
02/28/2024,"YOU BOUGHT ALPHABET INC CAP STK CL A (GOOGL) (Margin)",GOOGL,"ALPHABET INC CAP STK CL A",Margin,136.05,2,,,,-272.1,-51.71,03/01/2024
02/28/2024,"YOU BOUGHT ALPHABET INC CAP STK CL A (GOOGL) (Margin)",GOOGL,"ALPHABET INC CAP STK CL A",Margin,136.05,0.2,,,,-27.21,220.39,03/01/2024
02/27/2024,"YOU BOUGHT TESLA INC COM (TSLA) (Cash)",TSLA,"TESLA INC COM",Cash,202.38,0.049,,,,-9.92,247.60,02/29/2024
02/22/2024,"YOU BOUGHT PAYPAL HLDGS INC COM (PYPL) (Margin)",PYPL,"PAYPAL HLDGS INC COM",Margin,57.77,2,,,,-115.54,257.52,02/26/2024
02/22/2024,"YOU BOUGHT PAYPAL HLDGS INC COM (PYPL) (Cash)",PYPL,"PAYPAL HLDGS INC COM",Cash,57.62,0.086,,,,-4.96,373.06,02/26/2024
02/22/2024,"Electronic Funds Transfer Received (Cash)", ,"No Description",Cash,,0.000,,,,200,378.02,
02/20/2024,"YOU BOUGHT TESLA INC COM (TSLA) (Cash)",TSLA,"TESLA INC COM",Cash,193.31,0.051,,,,-9.86,178.02,02/22/2024
02/15/2024,"YOU BOUGHT PAYPAL HLDGS INC COM (PYPL) (Cash)",PYPL,"PAYPAL HLDGS INC COM",Cash,59.32,0.084,,,,-4.98,187.88,02/20/2024
02/13/2024,"YOU BOUGHT TESLA INC COM (TSLA) (Cash)",TSLA,"TESLA INC COM",Cash,184.65,0.054,,,,-9.97,192.86,02/15/2024
02/08/2024,"YOU BOUGHT PAYPAL HLDGS INC COM (PYPL) (Cash)",PYPL,"PAYPAL HLDGS INC COM",Cash,56.97,0.087,,,,-4.96,202.83,02/12/2024
02/08/2024,"Electronic Funds Transfer Received (Cash)", ,"No Description",Cash,,0.000,,,,100,207.79,
02/07/2024,"YOU BOUGHT SLEEP NUMBER CORP COM (SNBR) (Margin)",SNBR,"SLEEP NUMBER CORP COM",Margin,9.42,6,,,,-56.49,107.79,02/09/2024
02/07/2024,"YOU BOUGHT CRICUT INC COM CL A (CRCT) (Margin)",CRCT,"CRICUT INC COM CL A",Margin,5.26,10,,,,-52.6,164.28,02/09/2024
02/06/2024,"YOU BOUGHT TESLA INC COM (TSLA) (Cash)",TSLA,"TESLA INC COM",Cash,183.72,0.054,,,,-9.92,216.88,02/08/2024
02/05/2024,"YOU BOUGHT TESLA INC COM (TSLA) (Margin)",TSLA,"TESLA INC COM",Margin,175.63,1,,,,-175.63,226.80,02/07/2024
02/05/2024,"YOU BOUGHT PAYPAL HLDGS INC COM (PYPL) (Margin)",PYPL,"PAYPAL HLDGS INC COM",Margin,61.87,2,,,,-123.73,402.43,02/07/2024
02/05/2024,"Electronic Funds Transfer Received (Cash)", ,"No Description",Cash,,0.000,,,,50,526.16,
02/02/2024,"YOU BOUGHT TESLA INC COM (TSLA) (Margin)",TSLA,"TESLA INC COM",Margin,183.24,0.449,,,,-82.27,476.16,02/06/2024
02/02/2024,"YOU BOUGHT PAYPAL HLDGS INC COM (PYPL) (Margin)",PYPL,"PAYPAL HLDGS INC COM",Margin,62.49,2,,,,-124.98,558.43,02/06/2024
02/01/2024,"YOU BOUGHT PAYPAL HLDGS INC COM (PYPL) (Cash)",PYPL,"PAYPAL HLDGS INC COM",Cash,61.72,0.081,,,,-5,683.41,02/05/2024
01/31/2024,"REINVESTMENT FIDELITY GOVERNMENT MONEY MARKET (SPAXX) (Cash)",SPAXX,"FIDELITY GOVERNMENT MONEY MARKET",Cash,1,1.26,,,,-1.26,688.41,
01/31/2024,"DIVIDEND RECEIVED FIDELITY GOVERNMENT MONEY MARKET (SPAXX) (Cash)",SPAXX,"FIDELITY GOVERNMENT MONEY MARKET",Cash,,0.000,,,,1.26,688.41,
01/30/2024,"YOU BOUGHT TESLA INC COM (TSLA) (Cash)",TSLA,"TESLA INC COM",Cash,194,0.051,,,,-9.89,687.15,02/01/2024
01/29/2024,"YOU BOUGHT ALIBABA GROUP HOLDING LTD SPON ADS E... (BABA) (Margin)",BABA,"ALIBABA GROUP HOLDING LTD SPON ADS EACH",Margin,74.8,0.75,,,,-56.1,697.04,01/31/2024
01/25/2024,"YOU BOUGHT TESLA INC COM (TSLA) (Margin)",TSLA,"TESLA INC COM",Margin,185.32,3,,,,-555.96,753.14,01/29/2024
01/25/2024,"YOU BOUGHT TESLA INC COM (TSLA) (Margin)",TSLA,"TESLA INC COM",Margin,185.33,0.5,,,,-92.67,1309.10,01/29/2024
01/25/2024,"YOU SOLD PINTEREST INC CL A (PINS) (Margin)",PINS,"PINTEREST INC CL A",Margin,37.15,-26,,0.01,,966.01,1401.77,01/29/2024
01/25/2024,"YOU BOUGHT PAYPAL HLDGS INC COM (PYPL) (Margin)",PYPL,"PAYPAL HLDGS INC COM",Margin,63.91,1,,,,-63.91,435.76,01/29/2024
01/23/2024,"YOU BOUGHT TESLA INC COM (TSLA) (Margin)",TSLA,"TESLA INC COM",Margin,209,1,,,,-209,499.67,01/25/2024
01/18/2024,"FEE CHARGED ALIBABA GROUP HOLDING LTD SPON ADS E... (BABA) (Margin)",BABA,"ALIBABA GROUP HOLDING LTD SPON ADS EACH",Margin,,0.000,,,,-0.16,708.67,
01/18/2024,"DIVIDEND RECEIVED ALIBABA GROUP HOLDING LTD SPON ADS E... (BABA) (Margin)",BABA,"ALIBABA GROUP HOLDING LTD SPON ADS EACH",Margin,,0.000,,,,8,708.83,
01/17/2024,"YOU SOLD TELUS INTERNATIONAL (CDA) INC COM NP... (87975H100) (Margin)",87975H100,"TELUS INTERNATIONAL (CDA) INC COM NPV S",Margin,8.95,-45,,,,402.75,700.83,01/19/2024
01/17/2024,"YOU BOUGHT REVOLVE GROUP INC CL A (RVLV) (Margin)",RVLV,"REVOLVE GROUP INC CL A",Margin,14.74,5,,,,-73.7,298.08,01/19/2024
01/17/2024,"YOU BOUGHT PAYPAL HLDGS INC COM (PYPL) (Margin)",PYPL,"PAYPAL HLDGS INC COM",Margin,59.93,0.5,,,,-29.96,371.78,01/19/2024
01/17/2024,"YOU SOLD OLAPLEX HLDGS INC COM (OLPX) (Margin)",OLPX,"OLAPLEX HLDGS INC COM",Margin,2.15,-75,,,,161.25,401.74,01/19/2024
01/17/2024,"YOU BOUGHT ALIBABA GROUP HOLDING LTD SPON ADS E... (BABA) (Margin)",BABA,"ALIBABA GROUP HOLDING LTD SPON ADS EACH",Margin,68.84,1,,,,-68.84,240.49,01/19/2024
01/12/2024,"YOU BOUGHT TESLA INC COM (TSLA) (Margin)",TSLA,"TESLA INC COM",Margin,218.63,1,,,,-218.63,309.33,01/17/2024
01/12/2024,"YOU SOLD PINTEREST INC CL A (PINS) (Margin)",PINS,"PINTEREST INC CL A",Margin,37.35,-14,,0.01,,522.87,527.96,01/17/2024
01/10/2024,"YOU BOUGHT TESLA INC COM (TSLA) (Margin)",TSLA,"TESLA INC COM",Margin,232.84,0.5,,,,-116.42,5.09,01/12/2024
01/10/2024,"YOU BOUGHT REVOLVE GROUP INC CL A (RVLV) (Margin)",RVLV,"REVOLVE GROUP INC CL A",Margin,14.67,3,,,,-44.01,121.51,01/12/2024
01/10/2024,"YOU BOUGHT CRICUT INC COM CL A (CRCT) (Margin)",CRCT,"CRICUT INC COM CL A",Margin,6.32,5,,,,-31.6,165.52,01/12/2024
01/10/2024,"Electronic Funds Transfer Received (Cash)", ,"No Description",Cash,,0.000,,,,180,197.12,
01/05/2024,"YOU BOUGHT PAYPAL HLDGS INC COM (PYPL) (Margin)",PYPL,"PAYPAL HLDGS INC COM",Margin,59.58,0.5,,,,-29.79,17.12,01/09/2024
01/05/2024,"YOU BOUGHT AMAZON.COM INC (AMZN) (Margin)",AMZN,"AMAZON.COM INC",Margin,145.28,0.3,,,,-43.58,46.91,01/09/2024
01/05/2024,"YOU BOUGHT ALIBABA GROUP HOLDING LTD SPON ADS E... (BABA) (Margin)",BABA,"ALIBABA GROUP HOLDING LTD SPON ADS EACH",Margin,73.15,0.25,,,,-18.29,90.49,01/09/2024
01/05/2024,"TRANSFERRED FROM VS Z27-316070-1 (Cash)", ,"No Description",Cash,,0.000,,,,90,108.78,
12/29/2023,"REINVESTMENT FIDELITY GOVERNMENT MONEY MARKET (SPAXX) (Cash)",SPAXX,"FIDELITY GOVERNMENT MONEY MARKET",Cash,1,0.38,,,,-0.38,18.78,
12/29/2023,"DIVIDEND RECEIVED FIDELITY GOVERNMENT MONEY MARKET (SPAXX) (Cash)",SPAXX,"FIDELITY GOVERNMENT MONEY MARKET",Cash,,0.000,,,,0.38,18.78,
12/26/2023,"DIVIDEND RECEIVED TEXAS ROADHOUSE INC (TXRH) (Margin)",TXRH,"TEXAS ROADHOUSE INC",Margin,,0.000,,,,12.1,18.40,
12/19/2023,"YOU BOUGHT REVOLVE GROUP INC CL A (RVLV) (Margin)",RVLV,"REVOLVE GROUP INC CL A",Margin,18.57,1,,,,-18.57,6.30,12/21/2023
12/19/2023,"YOU BOUGHT CRICUT INC COM CL A (CRCT) (Margin)",CRCT,"CRICUT INC COM CL A",Margin,6.97,10,,,,-69.69,24.87,12/21/2023
12/05/2023,"Electronic Funds Transfer Paid (Cash)",,"No Description",Cash,,0.000,,,,-150,94.56,
12/04/2023,"YOU BOUGHT PAYPAL HLDGS INC COM (PYPL) (Margin)",PYPL,"PAYPAL HLDGS INC COM",Margin,59.95,1,,,,-59.95,244.56,12/06/2023
11/30/2023,"REINVESTMENT FIDELITY GOVERNMENT MONEY MARKET (SPAXX) (Cash)",SPAXX,"FIDELITY GOVERNMENT MONEY MARKET",Cash,1,1.24,,,,-1.24,304.51,
11/30/2023,"DIVIDEND RECEIVED FIDELITY GOVERNMENT MONEY MARKET (SPAXX) (Cash)",SPAXX,"FIDELITY GOVERNMENT MONEY MARKET",Cash,,0.000,,,,1.24,304.51,
10/31/2023,"REINVESTMENT FIDELITY GOVERNMENT MONEY MARKET (SPAXX) (Cash)",SPAXX,"FIDELITY GOVERNMENT MONEY MARKET",Cash,1,1.79,,,,-1.79,303.27,
10/31/2023,"DIVIDEND RECEIVED FIDELITY GOVERNMENT MONEY MARKET (SPAXX) (Cash)",SPAXX,"FIDELITY GOVERNMENT MONEY MARKET",Cash,,0.000,,,,1.79,303.27,
10/26/2023,"Electronic Funds Transfer Received (Cash)", ,"No Description",Cash,,0.000,,,,250,301.48,
10/25/2023,"YOU BOUGHT PAYPAL HLDGS INC COM (PYPL) (Margin)",PYPL,"PAYPAL HLDGS INC COM",Margin,51.81,3,,,,-155.43,51.48,10/27/2023
10/20/2023,"YOU BOUGHT PAYPAL HLDGS INC COM (PYPL) (Margin)",PYPL,"PAYPAL HLDGS INC COM",Margin,53.61,2,,,,-107.23,206.91,10/24/2023
10/19/2023,"YOU BOUGHT TESLA INC COM (TSLA) (Margin)",TSLA,"TESLA INC COM",Margin,217.57,0.375,,,,-81.59,314.14,10/23/2023
10/10/2023,"YOU BOUGHT SLEEP NUMBER CORP COM (SNBR) (Margin)",SNBR,"SLEEP NUMBER CORP COM",Margin,18.77,4,,,,-75.1,395.73,10/12/2023
10/05/2023,"YOU BOUGHT PAYPAL HLDGS INC COM (PYPL) (Margin)",PYPL,"PAYPAL HLDGS INC COM",Margin,57.48,5,,,,-287.4,470.83,10/10/2023
09/29/2023,"REINVESTMENT FIDELITY GOVERNMENT MONEY MARKET (SPAXX) (Cash)",SPAXX,"FIDELITY GOVERNMENT MONEY MARKET",Cash,1,1.08,,,,-1.08,758.23,
09/29/2023,"DIVIDEND RECEIVED FIDELITY GOVERNMENT MONEY MARKET (SPAXX) (Cash)",SPAXX,"FIDELITY GOVERNMENT MONEY MARKET",Cash,,0.000,,,,1.08,758.23,
09/28/2023,"YOU BOUGHT TEXAS ROADHOUSE INC (TXRH) (Margin)",TXRH,"TEXAS ROADHOUSE INC",Margin,93.8,2,,,,-187.6,757.15,10/02/2023
09/28/2023,"YOU BOUGHT TESLA INC COM (TSLA) (Margin)",TSLA,"TESLA INC COM",Margin,240.24,0.5,,,,-120.12,944.75,10/02/2023
09/28/2023,"YOU BOUGHT TELUS INTERNATIONAL (CDA) INC COM NP... (87975H100) (Margin)",87975H100,"TELUS INTERNATIONAL (CDA) INC COM NPV S",Margin,7.4,13,,,,-96.2,1064.87,10/02/2023
09/28/2023,"YOU BOUGHT REVOLVE GROUP INC CL A (RVLV) (Margin)",RVLV,"REVOLVE GROUP INC CL A",Margin,12.87,5,,,,-64.35,1161.07,10/02/2023
09/28/2023,"YOU SOLD PINTEREST INC CL A (PINS) (Margin)",PINS,"PINTEREST INC CL A",Margin,25.91,-25,,,,647.75,1225.42,10/02/2023
09/28/2023,"YOU BOUGHT PAYPAL HLDGS INC COM (PYPL) (Margin)",PYPL,"PAYPAL HLDGS INC COM",Margin,57.41,1,,,,-57.41,577.67,10/02/2023
09/28/2023,"YOU BOUGHT AMAZON.COM INC (AMZN) (Margin)",AMZN,"AMAZON.COM INC",Margin,124.08,1,,,,-124.08,635.08,10/02/2023
09/25/2023,"YOU BOUGHT TEXAS ROADHOUSE INC (TXRH) (Margin)",TXRH,"TEXAS ROADHOUSE INC",Margin,95.14,20,,,,-1902.8,759.16,09/27/2023
09/25/2023,"YOU SOLD DROPBOX, INC. CLASS A COMMON STOCK (DBX) (Margin)",DBX,"DROPBOX, INC. CLASS A COMMON STOCK",Margin,27.27,-88,,0.02,,2399.3,2661.96,09/27/2023
09/21/2023,"Electronic Funds Transfer Received (Cash)", ,"No Description",Cash,,0.000,,,,125,262.66,
09/08/2023,"YOU BOUGHT REVOLVE GROUP INC CL A (RVLV) (Margin)",RVLV,"REVOLVE GROUP INC CL A",Margin,13.21,2,,,,-26.42,137.66,09/12/2023
09/07/2023,"TRANSFERRED TO VS Z27-316070-1 (Cash)", ,"No Description",Cash,,0.000,,,,-60,164.08,
08/31/2023,"REINVESTMENT FIDELITY GOVERNMENT MONEY MARKET (SPAXX) (Cash)",SPAXX,"FIDELITY GOVERNMENT MONEY MARKET",Cash,1,0.63,,,,-0.63,224.08,
08/31/2023,"DIVIDEND RECEIVED FIDELITY GOVERNMENT MONEY MARKET (SPAXX) (Cash)",SPAXX,"FIDELITY GOVERNMENT MONEY MARKET",Cash,,0.000,,,,0.63,224.08,
08/22/2023,"YOU BOUGHT PAYPAL HLDGS INC COM (PYPL) (Cash)",PYPL,"PAYPAL HLDGS INC COM",Cash,59.92,2,,,,-119.84,223.45,08/24/2023
08/21/2023,"Electronic Funds Transfer Received (Cash)", ,"No Description",Cash,,0.000,,,,290,343.29,
08/16/2023,"YOU BOUGHT TESLA INC COM (TSLA) (Margin)",TSLA,"TESLA INC COM",Margin,228.33,0.125,,,,-28.54,53.29,08/18/2023
08/16/2023,"YOU BOUGHT TELUS INTERNATIONAL (CDA) INC COM NP... (87975H100) (Margin)",87975H100,"TELUS INTERNATIONAL (CDA) INC COM NPV S",Margin,8.54,5,,,,-42.68,81.83,08/18/2023
08/16/2023,"YOU BOUGHT TELUS INTERNATIONAL (CDA) INC COM NP... (87975H100) (Margin)",87975H100,"TELUS INTERNATIONAL (CDA) INC COM NPV S",Margin,8.52,2,,,,-17.04,124.51,08/18/2023
08/16/2023,"YOU BOUGHT REVOLVE GROUP INC CL A (RVLV) (Margin)",RVLV,"REVOLVE GROUP INC CL A",Margin,15.75,2,,,,-31.5,141.55,08/18/2023
08/16/2023,"YOU BOUGHT REVOLVE GROUP INC CL A (RVLV) (Margin)",RVLV,"REVOLVE GROUP INC CL A",Margin,15.97,2,,,,-31.94,173.05,08/18/2023
08/16/2023,"YOU BOUGHT PAYPAL HLDGS INC COM (PYPL) (Margin)",PYPL,"PAYPAL HLDGS INC COM",Margin,59.78,2,,,,-119.56,204.99,08/18/2023
08/16/2023,"YOU BOUGHT PAYPAL HLDGS INC COM (PYPL) (Margin)",PYPL,"PAYPAL HLDGS INC COM",Margin,59.66,1,,,,-59.66,324.55,08/18/2023
08/16/2023,"TRANSFERRED FROM VS Z24-468360-1 (Cash)", ,"No Description",Cash,,0.000,,,,190,384.21,
08/10/2023,"YOU SOLD SKYWORKS SOLUTIONS INC (SWKS) (Margin)",SWKS,"SKYWORKS SOLUTIONS INC",Margin,107.88,-0.5,,,,53.94,194.21,08/14/2023
08/10/2023,"YOU SOLD SKYWORKS SOLUTIONS INC (SWKS) (Margin)",SWKS,"SKYWORKS SOLUTIONS INC",Margin,107.89,-3,,,,323.68,140.27,08/14/2023
08/10/2023,"YOU BOUGHT PAYPAL HLDGS INC COM (PYPL) (Margin)",PYPL,"PAYPAL HLDGS INC COM",Margin,62.64,3,,,,-187.92,-183.41,08/14/2023
08/03/2023,"YOU BOUGHT PAYPAL HLDGS INC COM (PYPL) (Margin)",PYPL,"PAYPAL HLDGS INC COM",Margin,64.75,4,,,,-259.01,4.51,08/07/2023
08/02/2023,"YOU BOUGHT TELUS INTERNATIONAL (CDA) INC COM NP... (87975H100) (Margin)",87975H100,"TELUS INTERNATIONAL (CDA) INC COM NPV S",Margin,8.83,25,,,,-220.75,263.52,08/04/2023
07/31/2023,"REINVESTMENT FIDELITY GOVERNMENT MONEY MARKET (SPAXX) (Cash)",SPAXX,"FIDELITY GOVERNMENT MONEY MARKET",Cash,1,1.48,,,,-1.48,484.27,
07/31/2023,"DIVIDEND RECEIVED FIDELITY GOVERNMENT MONEY MARKET (SPAXX) (Cash)",SPAXX,"FIDELITY GOVERNMENT MONEY MARKET",Cash,,0.000,,,,1.48,484.27,
07/24/2023,"Electronic Funds Transfer Received (Cash)", ,"No Description",Cash,,0.000,,,,450,482.79,
07/20/2023,"YOU BOUGHT TESLA INC COM (TSLA) (Margin)",TSLA,"TESLA INC COM",Margin,279.45,1,,,,-279.45,32.79,07/24/2023
07/17/2023,"DIVIDEND RECEIVED CRICUT INC COM CL A (CRCT) (Margin)",CRCT,"CRICUT INC COM CL A",Margin,,0.000,,,,150,312.24,
07/17/2023,"YOU BOUGHT REVOLVE GROUP INC CL A (RVLV) (Margin)",RVLV,"REVOLVE GROUP INC CL A",Margin,18.26,8,,,,-146.06,162.24,07/19/2023
07/17/2023,"YOU SOLD PINTEREST INC CL A (PINS) (Margin)",PINS,"PINTEREST INC CL A",Margin,29.25,-11,,,,321.75,308.30,07/19/2023
07/17/2023,"YOU BOUGHT PAYPAL HLDGS INC COM (PYPL) (Margin)",PYPL,"PAYPAL HLDGS INC COM",Margin,73.68,2,,,,-147.35,-13.45,07/19/2023
07/17/2023,"YOU BOUGHT PAYPAL HLDGS INC COM (PYPL) (Margin)",PYPL,"PAYPAL HLDGS INC COM",Margin,73.76,2,,,,-147.52,133.90,07/19/2023
07/17/2023,"YOU SOLD CORSAIR GAMING INC COM (CRSR) (Margin)",CRSR,"CORSAIR GAMING INC COM",Margin,17.52,-5,,,,87.6,281.42,07/19/2023
07/17/2023,"YOU BOUGHT AMAZON.COM INC (AMZN) (Margin)",AMZN,"AMAZON.COM INC",Margin,133.77,0.5,,,,-66.89,193.82,07/19/2023
07/11/2023,"YOU BOUGHT TESLA INC COM (TSLA) (Margin)",TSLA,"TESLA INC COM",Margin,266.65,0.4,,,,-106.66,260.71,07/13/2023
07/11/2023,"YOU BOUGHT REVOLVE GROUP INC CL A (RVLV) (Margin)",RVLV,"REVOLVE GROUP INC CL A",Margin,17.65,22,,,,-388.3,367.37,07/13/2023
07/11/2023,"YOU BOUGHT PAYPAL HLDGS INC COM (PYPL) (Margin)",PYPL,"PAYPAL HLDGS INC COM",Margin,70.4,3,,,,-211.21,755.67,07/13/2023
07/11/2023,"YOU SOLD CORSAIR GAMING INC COM (CRSR) (Margin)",CRSR,"CORSAIR GAMING INC COM",Margin,17.4,-4,,,,69.58,966.88,07/13/2023
07/11/2023,"YOU BOUGHT AMAZON.COM INC (AMZN) (Margin)",AMZN,"AMAZON.COM INC",Margin,128.36,1,,,,-128.36,897.30,07/13/2023
07/11/2023,"YOU BOUGHT AMAZON.COM INC (AMZN) (Margin)",AMZN,"AMAZON.COM INC",Margin,128.37,0.5,,,,-64.19,1025.66,07/13/2023
07/11/2023,"YOU SOLD ACTIVISION BLIZZARD INC COM *CASH ME... (00507V109) (Margin)",00507V109,"ACTIVISION BLIZZARD INC COM *CASH MERGE",Margin,91.58,-6,,0.01,,549.47,1089.85,07/13/2023
07/11/2023,"TRANSFERRED FROM VS Z24-468360-1 (Cash)", ,"No Description",Cash,,0.000,,,,136,540.38,
07/05/2023,"Electronic Funds Transfer Received (Cash)", ,"No Description",Cash,,0.000,,,,100,404.38,
07/03/2023,"YOU BOUGHT TESLA INC COM (TSLA) (Margin)",TSLA,"TESLA INC COM",Margin,278.65,0.1,,,,-27.87,304.38,07/06/2023
07/03/2023,"YOU BOUGHT PAYPAL HLDGS INC COM (PYPL) (Margin)",PYPL,"PAYPAL HLDGS INC COM",Margin,67.1,4,,,,-268.4,332.25,07/06/2023
06/30/2023,"REINVESTMENT FIDELITY GOVERNMENT MONEY MARKET (SPAXX) (Cash)",SPAXX,"FIDELITY GOVERNMENT MONEY MARKET",Cash,1,1.87,,,,-1.87,600.65,
06/30/2023,"DIVIDEND RECEIVED FIDELITY GOVERNMENT MONEY MARKET (SPAXX) (Cash)",SPAXX,"FIDELITY GOVERNMENT MONEY MARKET",Cash,,0.000,,,,1.87,600.65,
06/27/2023,"YOU SOLD SEMLER SCIENTIFIC INC COM USD0.001 (SMLR) (Margin)",SMLR,"SEMLER SCIENTIFIC INC COM USD0.001",Margin,25.95,-3,,,,77.85,598.78,06/29/2023
06/27/2023,"YOU BOUGHT PAYPAL HLDGS INC COM (PYPL) (Margin)",PYPL,"PAYPAL HLDGS INC COM",Margin,66.67,1,,,,-66.67,520.93,06/29/2023
06/27/2023,"YOU BOUGHT OLAPLEX HLDGS INC COM (OLPX) (Margin)",OLPX,"OLAPLEX HLDGS INC COM",Margin,3.55,25,,,,-88.75,587.60,06/29/2023
06/27/2023,"YOU BOUGHT OLAPLEX HLDGS INC COM (OLPX) (Margin)",OLPX,"OLAPLEX HLDGS INC COM",Margin,3.55,20,,,,-71,676.35,06/29/2023
06/23/2023,"YOU BOUGHT PAYPAL HLDGS INC COM (PYPL) (Margin)",PYPL,"PAYPAL HLDGS INC COM",Margin,67.42,2,,,,-134.84,747.35,06/27/2023
06/21/2023,"Electronic Funds Transfer Received (Cash)", ,"No Description",Cash,,0.000,,,,500,882.19,
06/20/2023,"DIVIDEND RECEIVED SKYWORKS SOLUTIONS INC (SWKS) (Margin)",SWKS,"SKYWORKS SOLUTIONS INC",Margin,,0.000,,,,2.17,382.19,
06/13/2023,"YOU BOUGHT SLEEP NUMBER CORP COM (SNBR) (Margin)",SNBR,"SLEEP NUMBER CORP COM",Margin,20.45,7,,,,-143.15,380.02,06/15/2023
06/13/2023,"YOU BOUGHT PAYPAL HLDGS INC COM (PYPL) (Margin)",PYPL,"PAYPAL HLDGS INC COM",Margin,63.55,4,,,,-254.2,523.17,06/15/2023
06/13/2023,"YOU SOLD CRICUT INC COM CL A (CRCT) (Margin)",CRCT,"CRICUT INC COM CL A",Margin,15,-10,,0.01,,149.99,777.37,06/15/2023
06/07/2023,"YOU BOUGHT SLEEP NUMBER CORP COM (SNBR) (Margin)",SNBR,"SLEEP NUMBER CORP COM",Margin,19.5,2,,,,-39,627.38,06/09/2023
06/07/2023,"YOU BOUGHT PAYPAL HLDGS INC COM (PYPL) (Margin)",PYPL,"PAYPAL HLDGS INC COM",Margin,65.25,2,,,,-130.5,666.38,06/09/2023
06/07/2023,"YOU SOLD CORSAIR GAMING INC COM (CRSR) (Margin)",CRSR,"CORSAIR GAMING INC COM",Margin,19.45,-30,,0.01,,583.49,796.88,06/09/2023
06/05/2023,"YOU SOLD TATTOOED CHEF INC COM CL A (TTCFQ) (Margin)",TTCFQ,"TATTOOED CHEF INC COM CL A",Margin,0.53,-100,,0.01,,53.01,213.39,06/07/2023
05/31/2023,"REINVESTMENT FIDELITY GOVERNMENT MONEY MARKET (SPAXX) (Cash)",SPAXX,"FIDELITY GOVERNMENT MONEY MARKET",Cash,1,1.76,,,,-1.76,160.38,
05/31/2023,"DIVIDEND RECEIVED FIDELITY GOVERNMENT MONEY MARKET (SPAXX) (Cash)",SPAXX,"FIDELITY GOVERNMENT MONEY MARKET",Cash,,0.000,,,,1.76,160.38,
05/26/2023,"YOU BOUGHT PAYPAL HLDGS INC COM (PYPL) (Margin)",PYPL,"PAYPAL HLDGS INC COM",Margin,60.11,3,,,,-180.32,158.62,05/31/2023
05/26/2023,"YOU BOUGHT PAYPAL HLDGS INC COM (PYPL) (Margin)",PYPL,"PAYPAL HLDGS INC COM",Margin,60.11,2,,,,-120.22,338.94,05/31/2023
04/28/2023,"REINVESTMENT FIDELITY GOVERNMENT MONEY MARKET (SPAXX) (Cash)",SPAXX,"FIDELITY GOVERNMENT MONEY MARKET",Cash,1,1.49,,,,-1.49,459.16,
04/28/2023,"DIVIDEND RECEIVED FIDELITY GOVERNMENT MONEY MARKET (SPAXX) (Cash)",SPAXX,"FIDELITY GOVERNMENT MONEY MARKET",Cash,,0.000,,,,1.49,459.16,
04/27/2023,"FEE CHARGED as of Apr-11-2023 ALIBABA GROUP HOLDING LTD SPON ADS E... (BABA) (Margin)",BABA,"ALIBABA GROUP HOLDING LTD SPON ADS EACH",Margin,,0.000,,,,-0.16,457.67,
04/27/2023,"Electronic Funds Transfer Received (Cash)", ,"No Description",Cash,,0.000,,,,60,457.83,
03/31/2023,"REINVESTMENT FIDELITY GOVERNMENT MONEY MARKET (SPAXX) (Cash)",SPAXX,"FIDELITY GOVERNMENT MONEY MARKET",Cash,1,0.93,,,,-0.93,397.83,
03/31/2023,"DIVIDEND RECEIVED FIDELITY GOVERNMENT MONEY MARKET (SPAXX) (Cash)",SPAXX,"FIDELITY GOVERNMENT MONEY MARKET",Cash,,0.000,,,,0.93,397.83,
03/21/2023,"DIVIDEND RECEIVED SKYWORKS SOLUTIONS INC (SWKS) (Margin)",SWKS,"SKYWORKS SOLUTIONS INC",Margin,,0.000,,,,2.17,396.90,
03/21/2023,"Electronic Funds Transfer Received (Cash)", ,"No Description",Cash,,0.000,,,,190,394.73,
03/16/2023,"YOU BOUGHT SEMLER SCIENTIFIC INC COM USD0.001 (SMLR) (Margin)",SMLR,"SEMLER SCIENTIFIC INC COM USD0.001",Margin,19.78,2,,,,-39.56,204.73,03/20/2023
03/16/2023,"YOU BOUGHT OLAPLEX HLDGS INC COM (OLPX) (Margin)",OLPX,"OLAPLEX HLDGS INC COM",Margin,3.93,8,,,,-31.44,244.29,03/20/2023
03/16/2023,"YOU BOUGHT DROPBOX, INC. CLASS A COMMON STOCK (DBX) (Margin)",DBX,"DROPBOX, INC. CLASS A COMMON STOCK",Margin,19.96,4,,,,-79.82,275.73,03/20/2023
03/16/2023,"TRANSFERRED FROM VS Z24-468360-1 (Cash)", ,"No Description",Cash,,0.000,,,,180,355.55,
02/28/2023,"REINVESTMENT FIDELITY GOVERNMENT MONEY MARKET (SPAXX) (Cash)",SPAXX,"FIDELITY GOVERNMENT MONEY MARKET",Cash,1,1.39,,,,-1.39,175.55,
02/28/2023,"DIVIDEND RECEIVED FIDELITY GOVERNMENT MONEY MARKET (SPAXX) (Cash)",SPAXX,"FIDELITY GOVERNMENT MONEY MARKET",Cash,,0.000,,,,1.39,175.55,
02/27/2023,"YOU BOUGHT PAYPAL HLDGS INC COM (PYPL) (Margin)",PYPL,"PAYPAL HLDGS INC COM",Margin,73.77,0.25,,,,-18.44,174.16,03/01/2023
02/27/2023,"YOU BOUGHT DROPBOX, INC. CLASS A COMMON STOCK (DBX) (Margin)",DBX,"DROPBOX, INC. CLASS A COMMON STOCK",Margin,20.7,2,,,,-41.4,192.60,03/01/2023
02/27/2023,"YOU BOUGHT AMAZON.COM INC (AMZN) (Margin)",AMZN,"AMAZON.COM INC",Margin,94,2,,,,-188,234.00,03/01/2023
02/27/2023,"YOU BOUGHT ADOBE INC COM (ADBE) (Margin)",ADBE,"ADOBE INC COM",Margin,321,1,,,,-321,422.00,03/01/2023
02/27/2023,"TRANSFERRED FROM VS Z24-468360-1 (Cash)", ,"No Description",Cash,,0.000,,,,60,743.00,
02/27/2023,"TRANSFERRED FROM VS Z25-426285-1 (Cash)", ,"No Description",Cash,,0.000,,,,100,683.00,
02/27/2023,"Electronic Funds Transfer Received (Cash)", ,"No Description",Cash,,0.000,,,,100,583.00,
02/15/2023,"DIVIDEND RECEIVED CRICUT INC COM CL A (CRCT) (Margin)",CRCT,"CRICUT INC COM CL A",Margin,,0.000,,,,56,483.00,
02/10/2023,"YOU BOUGHT AMAZON.COM INC (AMZN) (Margin)",AMZN,"AMAZON.COM INC",Margin,97.5,1,,,,-97.5,427.00,02/14/2023
02/10/2023,"Electronic Funds Transfer Received (Cash)", ,"No Description",Cash,,0.000,,,,300,524.50,
02/07/2023,"YOU BOUGHT AMAZON.COM INC (AMZN) (Margin)",AMZN,"AMAZON.COM INC",Margin,98.38,1,,,,-98.38,224.50,02/09/2023
02/07/2023,"YOU BOUGHT AMAZON.COM INC (AMZN) (Margin)",AMZN,"AMAZON.COM INC",Margin,98.38,0.7,,,,-68.87,322.88,02/09/2023
02/01/2023,"TRANSFERRED FROM RESIDUAL TFR (Cash)", ,"No Description",Cash,,0.000,,,,1.55,391.75,
01/31/2023,"REINVESTMENT FIDELITY GOVERNMENT MONEY MARKET (SPAXX) (Cash)",SPAXX,"FIDELITY GOVERNMENT MONEY MARKET",Cash,1,0.04,,,,-0.04,390.20,
01/31/2023,"DIVIDEND RECEIVED FIDELITY GOVERNMENT MONEY MARKET (SPAXX) (Cash)",SPAXX,"FIDELITY GOVERNMENT MONEY MARKET",Cash,,0.000,,,,0.04,390.20,
01/30/2023,"TRANSFERRED FROM TATTOOED CHEF INC COM CL A (TTCFQ) (Cash)",TTCFQ,"TATTOOED CHEF INC COM CL A",Shares,,100,,,,157,390.16,
01/30/2023,"TRANSFERRED FROM SLEEP NUMBER CORP COM (SNBR) (Cash)",SNBR,"SLEEP NUMBER CORP COM",Shares,,31,,,,1025.79,390.16,
01/30/2023,"TRANSFERRED FROM SKYWORKS SOLUTIONS INC (SWKS) (Cash)",SWKS,"SKYWORKS SOLUTIONS INC",Shares,,3.5,,,,380.03,390.16,
01/30/2023,"TRANSFERRED FROM SEMLER SCIENTIFIC INC COM USD0.001 (SMLR) (Cash)",SMLR,"SEMLER SCIENTIFIC INC COM USD0.001",Shares,,1,,,,36.24,390.16,
01/30/2023,"TRANSFERRED FROM PINTEREST INC CL A (PINS) (Cash)",PINS,"PINTEREST INC CL A",Shares,,86,,,,2229.12,390.16,
01/30/2023,"TRANSFERRED FROM PAYPAL HLDGS INC COM (PYPL) (Cash)",PYPL,"PAYPAL HLDGS INC COM",Shares,,6.75,,,,537.57,390.16,
01/30/2023,"TRANSFERRED FROM OLAPLEX HLDGS INC COM (OLPX) (Cash)",OLPX,"OLAPLEX HLDGS INC COM",Shares,,22,,,,134.42,390.16,
01/30/2023,"TRANSFERRED FROM META PLATFORMS INC CLASS A COMMON STOCK (META) (Cash)",META,"META PLATFORMS INC CLASS A COMMON STOCK",Shares,,26,,,,3823.56,390.16,
01/30/2023,"TRANSFERRED FROM DROPBOX, INC. CLASS A COMMON STOCK (DBX) (Cash)",DBX,"DROPBOX, INC. CLASS A COMMON STOCK",Shares,,82,,,,1881.9,390.16,
01/30/2023,"TRANSFERRED FROM CRICUT INC COM CL A (CRCT) (Cash)",CRCT,"CRICUT INC COM CL A",Shares,,160,,,,1561.6,390.16,
01/30/2023,"TRANSFERRED FROM CORSAIR GAMING INC COM (CRSR) (Cash)",CRSR,"CORSAIR GAMING INC COM",Shares,,174,,,,2702.22,390.16,
01/30/2023,"TRANSFERRED FROM AMAZON.COM INC (AMZN) (Cash)",AMZN,"AMAZON.COM INC",Shares,,12.3,,,,1236.76,390.16,
01/30/2023,"TRANSFERRED FROM ALPHABET INC CAP STK CL A (GOOGL) (Cash)",GOOGL,"ALPHABET INC CAP STK CL A",Shares,,9.3,,,,901.54,390.16,
01/30/2023,"TRANSFERRED FROM ALIBABA GROUP HOLDING LTD SPON ADS E... (BABA) (Cash)",BABA,"ALIBABA GROUP HOLDING LTD SPON ADS EACH",Shares,,8,,,,889.6,390.16,
01/30/2023,"TRANSFERRED FROM ACTIVISION BLIZZARD INC COM *CASH ME... (00507V109) (Cash)",00507V109,"ACTIVISION BLIZZARD INC COM *CASH MERGE",Shares,,6,,,,455.76,390.16,
01/30/2023,"TRANSFERRED FROM WIX.COM LTD COM ILS0.01 (WIX) (Cash)",WIX,"WIX.COM LTD COM ILS0.01",Shares,,6,,,,514.32,390.16,
01/30/2023,"TRANSFERRED FROM TRANSFER (Cash)", ,"No Description",Cash,,0.000,,,,390.16,390.16,



"The data and information in this spreadsheet is provided to you solely for your use and is not for distribution. The spreadsheet is provided for"
"informational purposes only, and is not intended to provide advice, nor should it be construed as an offer to sell, a solicitation of an offer to buy or a"
"recommendation for any security or insurance product by Fidelity or any third party. Data and information shown is based on information known to Fidelity as of the date it was"
"exported and is subject to change. It should not be used in place of your account statements or trade confirmations and is not intended for tax reporting"
"purposes. For more information on the data included in this spreadsheet, including any limitations thereof, go to Fidelity.com."

"Brokerage services are provided by Fidelity Brokerage Services LLC (FBS), 900 Salem Street, Smithfield, RI 02917. Custody and other services provided by National"
"Financial Services LLC (NFS). Both are Fidelity Investment companies and members SIPC, NYSE. Insurance products at Fidelity are distributed by"
"Fidelity Insurance Agency, Inc., and, for certain products, by Fidelity Brokerage Services, Member NYSE, SIPC."

Date downloaded 11/15/2025 11:31 pm